4884 5042
1167 570 1182 652 (
1199 568 1296 661 ιςῐι)

581 718 654 790 aliis
669 737 845 812 propterea
862 713 1054 785 cellutdum
1069 712 1115 784 ὼ
1129 713 1380 784 assummum?
1405 710 1753 798 obmutescentibus,
1778 716 1884 811 qui.-

581 835 661 882 runt
684 814 732 881 esl
750 811 882 880 dicensi
893 806 1072 879 offitium:
1093 807 1406 877 obmutescemus&
1426 808 1556 902 semper
1573 809 1610 878 dc
1624 829 1710 891 nos,
1734 809 1805 880 ubi
1826 834 1884 883 tc.

586 907 700 1002 tigerit
714 906 815 974 corda
834 902 946 971 nostra
958 901 1124 989 Spiritus?
1147 903 1367 970 Tiruenubus
1386 901 1467 986 libi,
1490 904 1526 972 dc
1545 901 1625 968 nrltil
1643 905 1793 997 agredi
1812 930 1883 977 au.

583 997 766 1082 dentibus,
793 998 841 1065 bis
865 997 926 1089 qui
948 996 1074 1088 primas
1096 1016 1207 1086 partes
1228 1015 1364 1064 terserit:
1389 994 1668 1088 prohibebiturne
1691 1019 1881 1085 praetextu

580 1091 750 1169 clavium,
770 1091 898 1182 quibus
909 1090 1115 1184 gloriantur,
1135 1111 1231 1182 nepr
1295 1089 1536 1158 ediauturalit?
1560 1089 1687 1156 Melius
1701 1088 1772 1158 sun
1788 1117 1880 1186 pro-

583 1187 675 1256 videt
695 1182 876 1253 Christus:
907 1184 974 1252 δί’
1003 1181 1082 1269 bet,
1111 1203 1151 1251 ut
1171 1206 1243 1251 unu
1284 1181 1405 1275 uisque
1429 1182 1611 1252 secundum
1629 1204 1778 1274 gratiam
1803 1186 1875 1259 fibi

579 1277 693 1349 rhum
711 1297 882 1371 operetur.
928 1206 1077 1346 Apum
1096 1299 1221 1370 qtmis
1245 1278 1405 1345 ratiomn
1427 1278 1541 1374 talenti
1556 1275 1743 1344 cunctosin
1765 1302 1878 1373 quae.

581 1393 653 1444 ret:
683 1374 970 1463 [limnquamque
985 1368 1228 1440 insrueluosam
1248 1369 1403 1438 arboren
1424 1371 1622 1439 maledicet:
1650 1370 1877 1448 Male-luha

581 1467 694 1537 otnnis
711 1467 853 1561 quinon
870 1463 1029 1558 relinquit
1045 1462 1156 1534 semen
1171 1463 1205 1532 in
1230 1461 1338 1532 lsrael
1388 1465 1559 1532 Honarur
1573 1487 1635 1561 nos
1656 1465 1877 1558 Apostolus,

581 1562 676 1630 nein
701 1582 847 1628 vacuum
868 1560 1006 1654 gratiam
1027 1557 1094 1626 Dei
1122 1558 1336 1650 accipiamus.
1394 1559 1541 1627 Perimet
1571 1579 1669 1626 etiarn
1704 1562 1750 1627 ad
1786 1586 1878 1653 uos,

581 1657 676 1748 quod
696 1652 883 1722 Timotheo
894 1652 1036 1723 dicitur.
1061 1652 1151 1722 Noli
1165 1653 1335 1753 negligere
1350 1651 1516 1746 gratiam,
1536 1675 1615 1744 quae
1637 1652 1697 1722 tibi
1717 1653 1800 1723 dam
1817 1658 1874 1728 est

580 1768 644 1842 ptr
665 1747 910 1842 impositionem
931 1769 1106 1816 rmnuum.
1154 1745 1334 1834 Quaeritur
1353 1766 1563 1828 etiamnum,
1588 1768 1630 1812 an
1666 1745 1789 1816 lideloe
1816 1754 1876 1822 di.

580 1841 782 1937 spensatores
799 1839 1037 1935 mysteriorum
1058 1840 1124 1910 Dei
1135 1838 1260 1909 fimus?
1289 1840 1535 1907 Deuundatum
1558 1838 1624 1924 est,
1649 1839 1687 1909 ἃ
1699 1839 1807 1911 nobis
1826 1847 1876 1918 de

580 1958 759 2030 proximo:
788 1933 834 2003 Et
847 1933 1007 2004 omnibus
1023 1934 1133 2003 modis
1151 1955 1332 2028 urgemur,
1350 1932 1374 1999 fi
1392 1932 1521 2001 Cluilli
1540 1930 1672 2018 sumus,
1695 1957 1767 2004 nou
1813 1963 1874 2012 ιη

580 2028 693 2098 nostra
721 2026 798 2097 sunt
820 2050 1002 2122 quaerere,
1028 2025 1081 2095 sed
1099 2051 1178 2121 quae
1198 2026 1364 2125 aliorum,
1393 2024 1497 2118 idque
1530 2025 1563 2093 in
1582 2027 1725 2096 Chrillo
1782 1960 1873 2122 iam

580 2122 687 2286 auid,
714 2121 808 2214 quod
831 2119 985 2214 praesidet
1000 2119 1202 2213 episcopus,
1225 2119 1263 2187 ὃ(
1282 2118 1428 2187 vtoleitta
1444 2118 1493 2188 esl
1504 2122 1738 2192 consuetudo?
1763 2129 1873 2294 m

613 2214 690 2284 olus
716 2215 771 2282 ille
794 2237 862 2280 nnn
872 2210 917 2281 ab
933 2211 1151 2297 hominibus,
1173 2211 1227 2280 sed
1244 2209 1523 2301 aiDeovocatus,
1546 2215 1675 2308 inquit:
1699 2216 1765 2307 Qi

579 2308 637 2380 alii
653 2307 837 2378 revelatum
849 2303 973 2392 suerit,
998 2309 1092 2402 prior
1100 2324 1205 2376 taccat
1266 2304 1336 2390 En,
1358 2306 1523 2403 legerttem
1538 2309 1718 2378 diaconum
1741 2333 1781 2382 ut
1802 2340 1873 2387 au·

578 2399 697 2473 scultet
712 2399 903 2496 episcopus,
926 2399 1045 2498 religio
1057 2399 1167 2490 jubet.
1216 2398 1361 2472 Necesse
1376 2404 1473 2482 item.
1495 2421 1533 2471 ut
1545 2402 1654 2471 cuivis
1680 2427 1737 2465 reu
1762 2403 1871 2472 Sala·

577 2489 690 2558 lum
717 2497 828 2581 cedat,
849 2493 911 2565 ubi
928 2492 1063 2589 spiritus
1080 2491 1222 2566 alluerit.
1273 2492 1414 2589 Ecquid
1431 2497 1527 2581 mali,
1549 2494 1872 2592 sialiquidprioris

579 2587 834 2661 consuetudinis
859 2587 986 2660 aboleri
1011 2588 1158 2676 fimatur,
1190 2607 1229 2658 ut
1262 2587 1364 2685 longe
1394 2589 1643 2659 conducibilior
1673 2588 1870 2669 succedat?

579 2679 743 2788 Spiritus,
767 2685 829 2770 ait,
846 2683 1108 2778 prophetarum,
1117 2682 1305 2842 prophetis
1327 2682 1571 2775 subjeslusell‚
1597 2685 1780 2778 &quanto
1791 2714 1869 2763 rna.

578 2797 632 2874 gis
654 2775 864 2850 consuetudo
885 2775 979 2881 ipsa?
1006 2779 1092 2849 Non
1089 2775 1266 2943 opstant
1283 2777 1466 2871 spirituales
1488 2777 1651 2880 quorsum
1670 2797 1721 2847 eat
1741 2784 1871 2856 multi.

575 2870 679 2958 tudo,
706 2874 759 2944 scd
782 2873 877 2969 quod
899 2895 960 2943 tter
975 2897 1087 2945 comm
1138 2894 1209 2940 rus:
1234 2874 1442 2945 contendunt
1468 2895 1574 2968 magis
1598 2895 1644 2942 tre
1664 2895 1724 2965 per
1747 2900 1870 2971 angu.

577 2962 680 3052 stam,
701 2989 803 3061 quant
826 2969 1065 3060 peramplam.
1119 2963 1193 3036 Ubi
1209 2963 1359 3059 spiritus,
1382 2963 1428 3034 tbi
1447 2964 1589 3035 libertas.
1640 2965 1722 3035 lstst
1740 2966 1869 3064 spiritu

578 3057 760 3147 ducimini,
781 3085 848 3129 non
866 3060 943 3129 estis
961 3058 1050 3130 subl
1094 3082 1124 3130 e.
1178 3062 1264 3146 Aut,
1288 3058 1412 3130 fitama
1424 3061 1473 3129 vis
1489 3059 1763 3132 consuetudinis:
1791 3088 1867 3158 qua

579 3157 757 3223 autoritate
779 3154 833 3224 alii
853 3155 1021 3246 hymnos,
1045 3179 1063 3226 a
1079 3158 1100 3223 ii
1118 3174 1261 3248 tropos,
1282 3155 1336 3222 alii
1354 3154 1416 3223 alia
1433 3157 1581 3239 cantica,
1602 3154 1657 3224 alii
1673 3156 1758 3225 alios
1773 3160 1867 3234 ritus

577 3266 671 3315 antea
691 3247 745 3317 inc
792 3247 879 3317 nitos
901 3247 1128 3320 invexerunt?
1152 3248 1336 3319 Excusant
1354 3249 1429 3318 illos
1447 3249 1571 3343 pietas,
1596 3249 1633 3319 ὃ(
1657 3249 1761 3319 animi
1781 3253 1868 3350 syn·

578 3340 712 3428 ceritas,
735 3364 777 3412 vc
808 3340 919 3413 saltetn
933 3342 1082 3436 persuasa
1101 3343 1255 3439 populis:
1282 3367 1346 3414 cur
1358 3367 1426 3413 non
1444 3345 1481 3414 ὃ(
1494 3343 1606 3413 nostra
1616 3344 1866 3442 aetatealiquid

578 3454 701 3529 practer
718 3434 866 3509 instituta
884 3458 1016 3535 patrum
1040 3461 1141 3534 agere
1161 3437 1400 3528 eulpa'caret?
1423 3435 1511 3506 Fieri
1583 3437 1664 3523 test,
1687 3437 1751 3507 sub
1774 3441 1866 3516 boni

571 3528 712 3694 ¹puritas
731 3530 853 3627 specie,
878 3554 909 3604 te
933 3531 1039 3604 ant-se
1056 3531 1159 3600 mala:
1184 3528 1240 3601 sed
1259 3532 1441 3626 spiritualer
1454 3531 1525 3628 diju
1551 3531 1641 3602 icent
1659 3533 1787 3604 omnia.
1817 3539 1864 3610 ln

593 3644 729 3711 umma,
751 3628 911 3699 mihi‘nul
955 3625 1020 3697 esse
1032 3625 1166 3695 videtur
1177 3623 1292 3720 legum
1305 3624 1493 3710 temeratio,
1518 3627 1572 3695 tel
1589 3630 1761 3696 sacromm
1774 3653 1864 3722 pro.

575 3715 759 3813 phanatio‚
781 3721 842 3793 ubi
857 3719 959 3792 menti
978 3715 1059 3814 legis
1077 3739 1135 3788 aut
1153 3717 1402 3790 consuetudinis
1422 3716 1463 3787 sit
1485 3717 1581 3801 satis,
1602 3720 1866 3815 hominumque

575 3810 673 3884 saluti
696 3814 892 3887 consulitur.
919 3812 1019 3883 Etde
1036 3811 1086 3882 his
1104 3813 1199 3885 satis:
1226 3812 1389 3882 Excurrit
1405 3809 1495 3881 enim
1511 3812 1729 3883 sermolatius
1747 3838 1863 3909 quam

575 3907 744 3982 volebam.
797 3908 916 4005 Pergit
926 3929 1019 3978 nunc
1029 3905 1140 3995 adea,
1161 3929 1243 4002 quae
1261 3897 1538 4000 pollicitussunt:
1565 3908 1755 3993 urscilicet,
1775 3913 1865 4006 qui.

573 3996 640 4077 bus
661 4002 769 4075 modis
792 4000 859 4075 hoc
880 3999 1013 4101 negocii
1035 4000 1215 4075 traslatuut
1235 3999 1275 4074 fit
1297 3998 1446 4091 discens,
1476 4003 1590 4076 videas
1607 4024 1661 4074 me
1678 4001 1863 4171 planedeo-

1800 4124 1863 4175 em
