4884 5042
743 516 1493 640 ·auNovarn
1755 588 1828 666 ip

516 739 544 783 ,‚
559 687 658 782 lum,
694 688 901 763 charitatem
922 686 1043 779 suam,
1076 705 1118 760 ut
1134 681 1270 759 necelle
1290 682 1333 756 stt
1350 707 1410 757 eos
1428 703 1499 758 tam
1522 687 1667 761 remotis
1684 686 1705 760 a
1721 687 1824 760 nobis

516 839 543 880 „
562 788 740 860 mentibus
759 787 834 859 illas
853 788 1052 882 exquirere.
1841 789 1845 794 “

561 937 589 975 ,,
610 885 679 957 Sed
698 885 785 980 quid
804 883 924 958 facio?
959 883 1104 982 plenum
1124 877 1175 953 est
1190 903 1256 954 cor
1273 903 1393 955 mcum
1407 883 1535 956 harum
1555 884 1822 982 cogitationum

513 1035 540 1077 ‚,
558 984 670 1080 magis
700 1008 805 1080 quarn
841 983 988 1079 Lingua
1017 980 1136 1052 dicere
1168 976 1286 1077 poffit.
1339 979 1427 1051 l=loc
1453 982 1594 1053 tandem
1620 982 1821 1078 concludo,

510 1117 541 1173 3,
557 1104 639 1151 cum
661 1104 730 1178 >per
754 1105 878 1153 omnes
902 1079 1100 1177 Prophetas
1125 1076 1339 1172 praedidlurn
1369 1074 1435 1168 stt,
1465 1079 1613 1170 Judaeos
1640 1081 1760 1154 Deum
1781 1083 1821 1156 ὃ(

512 1179 702 1276 „Regem
730 1176 831 1251 suum
860 1177 1046 1251 Christum
1070 1173 1322 1248 malediuuros
1348 1173 1386 1246 &
1409 1173 1747 1273 blasphematutos,
1781 1180 1821 1253 &

511 1326 539 1368 „
558 1278 619 1373 qui
647 1277 717 1348 hoc
739 1300 814 1349 non
840 1275 931 1374 legit
953 1274 1011 1347 vel
1038 1271 1236 1372 intelligit,
1267 1269 1381 1344 fateor
1405 1296 1489 1344 eum
1516 1272 1676 1344 nondum
1697 1274 1822 1346 vidille

510 1422 539 1465 „
558 1373 816 1472 Theologiarn.
869 1373 1029 1470 Ideoque
1053 1369 1232 1468 praesumo
1258 1366 1490 1443 colonienses
1506 1393 1578 1440 non
1594 1367 1692 1465 polle
1707 1368 1820 1467 scrip·
1843 1439 1845 1442 ,

511 1490 674 1563 „turam
700 1472 854 1546 lolvere:
889 1476 970 1564 qrrr'a
986 1472 1035 1559 stc
1055 1488 1174 1564 oportet
1182 1467 1285 1559 fieri,
1320 1466 1566 1563 &scripturam
1582 1471 1719 1563 impleri.
1769 1467 1822 1542 Et

511 1619 538 1661 „
559 1568 821 1643 fitentarerint
835 1569 985 1660 Judaeos
1005 1564 1027 1637 a
1045 1565 1280 1662 Blasphemiis
1299 1587 1473 1663 purgare,
1504 1565 1576 1640 hoc
1596 1564 1752 1659 facient,
1776 1585 1821 1640 ut

511 1666 746 1760 „Scriptura
762 1665 800 1739 δε
820 1665 921 1737 Deus
940 1662 1093 1736 mendax
1108 1684 1289 1760 appareat.

521 1824 525 1831 .
559 1813 586 1854 „
605 1758 676 1834 Sed
693 1759 845 1835 confide
867 1763 990 1835 Deum
1016 1760 1095 1834 fore
1120 1784 1282 1834 voracem
1300 1761 1406 1833 etiam
1424 1762 1546 1835 invitis
1565 1763 1602 1837 dc
1618 1760 1746 1836 frustra
1757 1761 1820 1836 ‘su-

509 1858 718 1953 „dantibus
742 1860 841 1935 mille
868 1859 1026 1933 millibus
1051 1857 1343 1932 Coloniensrbus.
1396 1860 1470 1933 Dei
1493 1861 1590 1934 enim
1614 1858 1720 1933 solius
1747 1861 1819 1934 hoc

509 2008 536 2050 „
551 1957 752 2054 opuserit,
784 1956 828 2030 ab
853 1958 948 2032 intra
971 1955 1174 2056 operantia,
1205 1981 1280 2027 non
1306 1957 1496 2031 hominum
1516 1955 1638 2029 aforis
1657 1976 1817 2031 tantum·
1908 1991 1928 2008 ,

510 2055 666 2150 „modo
689 2053 916 2150 ludentium,
950 2058 1073 2153 potius
1099 2077 1207 2151 quam
1233 2055 1473 2150 operantium.
1525 2053 1565 2128 Si
1590 2053 1667 2128 istae
1695 2054 1740 2128 ab
1768 2058 1824 2130 eis

510 2153 756 2247 „-tollantur,
797 2172 1021 2254 component
1047 2155 1201 2252 pejores.
1253 2150 1354 2248 Quia
1379 2151 1427 2226 sic
1452 2149 1596 2226 suntin
1621 2176 1659 2225 re
1687 2153 1821 2228 robum

511 2301 539 2344 „
555 2249 713 2345 sensum,-
736 2274 801 2350 per
820 2254 910 2336 ,iram
928 2253 1023 2346 Dei,
1051 2250 1174 2326 traditi
1184 2304 1205 2343 ,.
1223 2269 1265 2322 ut
1282 2249 1351 2322 lint
1368 2249 1562 2325 secundum
1581 2178 1825 2326 Ecclefiasterr

511 2398 540 2439 „
558 2349 847 2442 incorrigibiles-t
867 2351 921 2432 ,δε
946 2351 1063 2423 omnis
1090 2348 1348 2444 incorrigibilis
1373 2346 1598 2423 corredlioue
1624 2353 1728 2448 pejor
1751 2350 1821 2445 fit,

512 2443 596 2538 „.&
614 2449 803 2534 nunquam
829 2447 1051 2522 emendatur.
1104 2444 1198 2518 Vale
1220 2446 1257 2513 in
1277 2446 1464 2539 Domino,
1500 2447 1539 2520 &
1555 2471 1661 2544 parce
1677 2446 1824 2540 verbis,

511 2587 543 2631 „
557 2559 619 2611 ora
631 2553 761 2630 autern
772 2559 845 2630 ,pro
862 2538 980 2608 anima
997 2565 1077 2612 mea
1092 2541 1296 2633 peccatrice
1313 2543 1410 2638 apud
1425 2544 1645 2619 Dominum.
1677 2545 1825 2620 Datum

511 2686 540 2729 ‚,
554 2659 600 2711 err
617 2629 849 2710 Monasterio
858 2629 983 2706 nostro
1001 2631 1122 2706 hodie.

1141 2733 1269 2808 Frater
1281 2751 1365 2810 tuus
1382 2737 1564 2811 Martinus
1579 2734 1736 2811 Luthcr.

563 2866 849 2963 intereavero,
883 2890 967 2944 cum
993 2890 1099 2944 novae
1126 2864 1321 2963 Monachis
1349 2888 1434 2939 cum
1461 2865 1629 2942 Luthero
1654 2867 1827 2979 deinceps·
1904 2925 1906 2929 s

513 2965 740 3042 decertandae
765 2965 875 3041 ell'ent
899 2968 1001 3062 lites,
1036 2965 1171 3042 fidium
1198 2963 1273 3059 est,
1295 2977 1349 3037 ‘ut
1366 2962 1435 3036 illa
1454 2989 1538 3040 cum
1555 2964 1766 3040 Reuchlino
1784 2989 1824 3040 m

514 3065 654 3151 fumum
679 3066 813 3160 abiret,
845 3067 948 3166 isque
967 3065 1057 3137 adeo
1079 3067 1116 3137 in
1140 3064 1269 3137 ultima
1294 3059 1474 3139 fenedute
1492 3062 1512 3138 ὲ
1532 3065 1641 3139 Duce
1658 3063 1821 3139 Bavariae
1852 3109 1855 3114 -

514 3166 679 3238 Gulielmo
701 3164 892 3255 invitatus,
927 3163 965 3233 in
988 3157 1262 3260 Ingolstadienfi
1280 3158 1476 3233 Academia
1493 3162 1665 3237 Graecam
1683 3162 1722 3237 ὅ(
1741 3159 1825 3234 He·¹

513 3262 648 3336 braeam
665 3262 814 3336 doceret
832 3261 1018 3360 linguam,
1051 3260 1123 3354 ita,
1147 3276 1211 3352 ut,
1237 3255 1336 3355 quod
1355 3256 1428 3356 ipse
1445 3256 1568 3336 scribit
1584 3261 1632 3357 (a)
1650 3260 1694 3333 ad
1708 3258 1824 3334 Bilib.·

512 3361 846 3453 Pirckheimerum,
880 3359 917 3431 in
940 3383 1000 3450 ea,
1027 3381 1130 3431 mane
1147 3354 1345 3455 explicaret
1361 3358 1414 3430 R..
1435 3358 1532 3433 Dav.
1548 3358 1723 3453 Kimchi,
1757 3379 1822 3433 ve·

511 3455 605 3559 speri
631 3480 750 3538 autern
772 3457 1021 3555 Aristophanis
1038 3455 1212 3550 Plutum,
1243 3452 1466 3527 auditoribus
1484 3455 1596 3556 longe
1616 3458 1823 3558 plusquam

514 3559 703 3654 trecentis,
721 3557 821 3631 unde
837 3576 958 3629 tamen
997 3554 1079 3627 aulo
1094 3553 1199 3653 post,
1226 3575 1311 3627 cum
1328 3551 1392 3625 vix
1411 3551 1505 3626 ultra
1521 3555 1604 3627 anni
1621 3552 1774 3653 spatium
1785 3554 1823 3641 in

512 3679 554 3729 ea
576 3656 664 3730 urbe
684 3652 878 3755 exegiffet,
910 3580 1123 3751 Tulingam
1143 3648 1263 3726 denuo
1280 3649 1334 3724 est
1350 3648 1555 3746 accessitus,
1590 3672 1698 3752 atque
1717 3655 1821 3728 Stut·

516 3755 839 3851 gardiaell.1521.
866 3752 1095 3864 d.·3o.Junii
1121 3749 1431 3863 leptuageuarius,
1470 3750 1529 3826 vel
1552 3749 1823 3850 septuagenario

411 3891 421 3906 π
513 3853 700 3944 proximus
733 3849 854 3926 finivit
880 3871 1023 3944 vitam,
1064 3871 1246 4020 vetrorsum
1274 3847 1446 3922 Virorum
1480 3847 1687 3924 Dod'torum
1714 3864 1822 4016 athlm

643 3960 649 3979 ,
1745 3981 1747 3986 ,
1786 3967 1826 4016 e.

544 4062 607 4143 ‚1:2)
634 4065 699 4141 rid.
722 4063 819 4148 Epist·
842 4057 1055 4135 REUCHL.
1081 4063 1121 4129 ad
1145 4061 1368 4132 Pirekheimet.
1394 4063 1474 4129 inter
1499 4065 1607 4147 Opera
1634 4058 1824 4125 Pirclrhelm.

517 4158 596 4308 papa
596 4140 865 4317 {diffidiare}
871 4149 1022 4221 Gretsero
1033 4145 1149 4231 lesuin
1156 4145 1229 4219 suat
1244 4147 1515 4236 marimum
1522 4143 1732 4214 Seckeodorf.
1749 4141 1825 4210 La.
