4884 5042
624 586 695 671 302
826 562 1208 641 HISTORIA
1259 555 1707 636 EVANGELII
1757 559 1928 659 ΛΑΜ

624 730 655 776 ,,
677 679 829 756 thoritas
845 678 1057 776 marcebit,
1076 679 1229 778 publico
1245 677 1366 752 edicto
1382 677 1622 769 interdicens,
1648 698 1694 748 ne
1708 679 1788 775 quit
1806 685 1928 779 priva.

626 826 657 872 „
680 798 739 853 tur
766 779 861 851 idola
887 782 1146 878 qualiacunque
1170 778 1392 850 subverteret
1406 774 1488 869 (nifi
1508 773 1533 845 fi
1551 778 1629 870 quis
1646 775 1746 847 dorni
1764 776 1835 850 suae
1855 785 1930 881 pri-

627 924 658 970 „
681 895 765 950 reta
778 876 945 968 haberet,
970 876 1027 948 vel
1046 901 1129 973 quae
1147 875 1220 972 ipse
1237 874 1306 948 suis
1325 872 1490 971 impensis
1509 872 1586 944 fieri
1602 872 1814 967 curavisset,
1847 905 1930 974 quae

628 1021 659 1067 „
681 975 721 1047 in
741 971 801 1049 sua
824 998 900 1046 non
925 973 1068 1044 alterius
1092 971 1270 1069 potestate
1292 971 1404 1046 essent
1429 970 1506 1056 sita)
1534 968 1748 1065 usquedum
1765 976 1852 1070 quid
1870 979 1931 1051 hic

628 1116 660 1165 „
682 1070 761 1144 fieri
779 1069 906 1143 debeat
921 1071 1072 1142 Senatus
1089 1069 1205 1167 posset
1221 1069 1383 1142 statuere.
1434 1069 1516 1140 Hac
1534 1090 1623 1165 ergo
1642 1069 1867 1166 mugistrutus
1885 1077 1932 1148 de

628 1169 831 1265 „privatis
854 1168 1071 1262 imaginibus
1098 1164 1323 1264 permistione
1347 1165 1480 1238 factum
1504 1164 1581 1256 est,
1611 1185 1654 1238 ut
1679 1191 1753 1238 non
1778 1173 1932 1269 exiguus

619 1287 803 1357 „mrum
829 1286 998 1336 numerus
1020 1288 1066 1337 ex
1090 1264 1236 1361 templis
1259 1266 1472 1363 ejiceretur,
1506 1263 1616 1360 idque
1638 1263 1783 1338 illorum
1799 1292 1932 1364 opera,

628 1359 741 1458 „qui
766 1382 850 1432 vera
874 1360 946 1433 side
970 1359 1155 1453 instructi,
1186 1362 1250 1458 pio
1273 1362 1353 1432 zelo
1371 1361 1467 1433 idola
1481 1359 1640 1434 omnine
1660 1361 1779 1433 medio
1796 1364 1934 1439 sublata

629 1503 661 1551 ,‚
679 1455 748 1529 esse
771 1481 818 1530 cu
848 1457 979 1531 iebnnt.
1028 1458 1198 1532 Posthaec
1218 1457 1335 1530 rursus
1351 1457 1373 1530 ἦ
1390 1459 1524 1532 Senatu
1541 1456 1792 1531 Diacosrorutn
1810 1460 1936 1535 decre·

629 1600 662 1648 „
682 1572 763 1664 tum
785 1482 863 1649 es,
889 1573 933 1629 ut
958 1553 1105 1655 singulis
1120 1553 1277 1630 ecclefiis
1294 1555 1448 1629 liberum
1470 1557 1535 1650 sit,
1565 1556 1660 1628 idola
1675 1553 1696 1628 ὲ
1711 1558 1853 1656 templo
1869 1559 1933 1634 suo

630 1696 662 1745 ‚,
685 1649 867 1749 dejicere,
899 1652 1111 1752 praescripto
1143 1673 1264 1728 tamen
1286 1675 1390 1728 certo
1413 1680 1520 1754 quem
1547 1652 1773 1727 observarent
1797 1657 1936 1731 ordine.

631 1794 663 1842 ‚,
681 1747 910 1855 Jubebontur
933 1752 1029 1839 enim
1057 1776 1203 1847 omnes,
1238 1755 1300 1853 qui
1325 1753 1369 1826 ad
1396 1752 1579 1827 ecclefiam
1605 1753 1760 1850 aliquam
1777 1756 1936 1851 pertine·

622 1886 664 1939 ·„
687 1843 797 1936 bant,
809 1870 880 1920 uua
895 1871 980 1921 cum
996 1848 1169 1948 episcopo
1186 1850 1244 1924 vel
1262 1851 1403 1950 pastore
1418 1852 1485 1923 suo.
1499 1851 1536 1922 in
1553 1870 1664 1920 unum
1684 1851 1827 1922 collobii
1844 1878 1934 1925 con·

634 1988 665 2036 „
685 1944 831 2037 venire,
866 1944 906 2019 bt
933 1947 1036 2019 simul
1055 1951 1142 2044 quid
1160 1950 1206 2021 de
1224 1950 1330 2021 idolis
1346 1947 1518 2019 sentirent
1534 1942 1708 2016 conferre.
1761 1946 1818 2019 Ut
1837 1951 1861 2022 si
1879 1951 1940 2023 vel

635 2085 667 2133 ‚,
689 2062 815 2113 omnm
840 2041 967 2135 simul,
1002 2047 1059 2115 vel
1085 2049 1203 2140 major
1219 2046 1361 2113 illorum
1380 2066 1483 2137 pars,
1517 2036 1761 2112 tollendoesle
1776 2069 1938 2137 pronun-

636 2182 668 2230 „
689 2138 846 2231 cierent,
873 2141 949 2236 jam
975 2137 1012 2209 id
1035 2138 1231 2209 commode
1255 2135 1328 2207 sine
1349 2136 1465 2208 turbis
1495 2134 1534 2207 &
1549 2132 1707 2205 tumultu
1726 2139 1938 2232 importuno

636 2282 665 2329 ,‚
688 2253 958 2332 exequerentur.
1008 2232 1173 2328 Quodsi
1199 2257 1287 2306 vero
1313 2232 1443 2329 majori
1468 2256 1512 2306 ex
1528 2249 1629 2328 parte
1643 2231 1760 2304 adhuc
1778 2236 1937 2331 imperiti

635 2381 667 2428 ‚,
690 2356 809 2406 rerum
834 2333 874 2406 δι
898 2332 1002 2404 rudes
1024 2330 1094 2404 effe
1115 2332 1437 2431 conspicerentur,
1470 2329 1658 2429 negotium
1680 2329 1759 2402 ·hoc
1785 2331 1938 2429 eousque

638 2478 668 2526 „
688 2429 834 2504 differre
851 2429 1003 2529 jubebat
1028 2430 1275 2529 magistratus,
1305 2428 1423 2501 donec
1448 2452 1514 2526 per
1562 2427 1712 2500 astorem
1739 2429 1873 2502 dehac
1901 2434 1939 2506 δε

638 2576 668 2624 ,,
691 2529 767 2602 aliis
785 2527 890 2602 rebus
907 2553 991 2604 vere
1006 2526 1183 2625 instituti,
1216 2528 1375 2602 unanimi
1390 2526 1522 2600 consen
1538 2551 1560 2598 u
1581 2525 1701 2599 eodem
1720 2549 1864 2624 quoque
1881 2529 1943 2600 dc·

639 2675 669 2721 „
690 2628 915 2702 molirentur.
964 2628 1021 2702 Ut
1046 2647 1165 2700 nutem
1194 2629 1274 2701 haec
1293 2624 1442 2724 publico
1463 2628 1612 2699 Senatus
1628 2623 1794 2697 consulto
1814 2625 1942 2698 stattrtn

639 2772 670 2820 ‚‚
693 2724 795 2819 sunt,
832 2727 881 2801 stc
903 2727 1010 2801 etiam
1038 2724 1112 2826 ipse
1127 2726 1352 2826 magistratus
1367 2722 1490 2796 endem
1508 2721 1731 2817 observavit,
1766 2747 1832 2795 nec
1848 2730 1943 2822 quis·

643 2872 672 2919 „
696 2849 813 2996 poam,
829 2824 1040 2924 imperiose,
1074 2845 1116 2994 up
1139 2824 1233 2993 irdola
1256 2823 1436 2993 ῑοὶὶὲτιοῑῖι
1455 2820 1946 3012 czoebtpsupest.toesDtertcrrclplepp

641 2969 674 3114 ζ
697 2946 1183 3117 ρῖιξὶειιῗίιαιξιωὴιῗέὂῖἂιέὦ
1202 2942 1498 3113 illstrcllrnsgtititiilrt
1515 2944 1714 3089 hocqmodo
1732 3013 1945 3087 mansuetum

644 3162 674 3212 „
699 3118 750 3191 est
812 3115 974 3186 Primum
991 3110 1169 3184 idolorum
1188 3115 1347 3210 patronis
1361 3130 1503 3188 certum
1521 3116 1675 3217 aliquem
1691 3114 1862 3209 temporis
1877 3135 1949 3186 ter·

644 3256 674 3305 „
695 3215 833 3283 minum
861 3207 1145 3305 constituerunt,
1177 3211 1271 3285 intra
1295 3237 1402 3309 quem
1429 3211 1575 3311 singulis
1598 3213 1657 3286 sua
1673 3212 1790 3297 idola,
1821 3211 1945 3302 siquae

643 3352 675 3398 ,‚
697 3305 767 3376 iuis
792 3304 938 3402 propria
960 3305 1093 3400 ess‘ent,
1124 3309 1272 3381 domum
1298 3309 1478 3422 asportare
1503 3313 1639 3383 liceret.
1690 3301 1944 3408 undenum

645 3446 676 3494 ‚,
700 3399 772 3495 est,
798 3421 839 3474 ut
854 3400 991 3476 rursum
1010 3428 1138 3506 magna
1153 3431 1197 3481 ex
1242 3425 1317 3482 arte
1335 3407 1515 3481 idolorum
1532 3424 1699 3478 numerus
1716 3401 1943 3468 imminuere-

643 3533 677 3592 ‚‚·
700 3517 774 3571 tur.
823 3500 1037 3577 Constituto
1053 3525 1171 3578 autem
1191 3433 1259 3576 illis
1272 3525 1437 3602 tempore
1448 3506 1523 3600 jam
1539 3495 1679 3604 elapso,
1714 3516 1758 3565 ex
1778 3497 1942 3602 omniurn

648 3638 676 3687 „
702 3613 775 3668 tom
802 3597 1014 3674 clericorum
1039 3624 1144 3696 quom
1170 3599 1343 3670 laicorum
1368 3620 1518 3672 numero
1543 3615 1615 3668 tres
1642 3590 1721 3662 illos
1746 3608 1856 3662 tnum
1887 3617 1945 3663 ec-

649 3734 679 3788 „
695 3690 887 3767 elestatum
913 3697 1122 3788 ministros,
1157 3694 1379 3793 Heimychunr
1403 3687 1677 3794 Engesbardumr
1719 3693 1857 3759 Leonem
1881 3694 1950 3783 Ju-

637 3843 679 3888 -,‚
696 3790 762 3886 du,
788 3791 827 3867 ὃ(
843 3811 914 3874 me,
935 3817 1003 3867 unu
1021 3814 1105 3866 cum
1121 3791 1312 3867 duodecim
1333 3792 1564 3867 Senatoribus
1582 3783 1602 3856 ὲ
1622 3783 1768 3884 lingulis
1783 3788 1948 3861 tribubus

649 3938 678 3985 „
702 3890 895 3992 desumptis
910 3892 1141 3994 delegerunt,
1165 3889 1289 3968 addito
1307 3889 1408 3964 simul
1429 3885 1527 3962 aedili
1541 3880 1692 3983 publico
1709 3908 1779 3957 una
1796 3909 1877 3957 cum
1898 3885 1949 3956 fa·

650 4036 678 4083 ‚,
702 3990 775 4065 bris
801 3989 980 4095 lignariis,
1011 3990 1161 4065 ferrariis
1189 3990 1228 4083 bc
1252 3987 1319 4058 alin
1343 3986 1525 4079 servorum
1548 4004 1656 4056 manu
1680 3983 1725 4055 ad
1749 3982 1839 4056 illud
1857 4009 1947 4081 opus

649 4136 679 4203 ξ,
703 4087 850 4195 igionem
875 4090 939 4189 qui
955 4112 1080 4168 omnes
1097 4079 1403 4192 temploingreffi,
1420 4079 1818 4187 clausispostsejinuis‚
1846 4107 1947 4180 mag·

1850 4231 1878 4275 „
1902 4203 1950 4252 no
