4884 5042
1498 610 1597 688 96
1953 590 2706 669 HISTORIA
2811 589 3678 669 EVANGELII

1502 717 1592 791 ad
1664 716 1737 790 id
1802 715 2283 789 obtinendum
2333 715 2634 813 triginta
2682 712 3124 786 florenorum
3178 714 3405 787 millia
3452 715 3634 788 ordo
3701 734 3868 790 utut
3913 740 4111 793 men-

1484 816 1709 888 ·dicus
1754 813 2255 889 contribuiss‘et
2280 814 2339 905 ,)
2402 812 2784 910 promeriti
2831 813 3007 883 iram
3057 814 3132 882 in
3183 811 3253 884 se
3304 816 3796 907 concitarent,
3863 816 4111 888 dican-

1509 933 1631 987 tur
1695 931 2135 987 conventum
2192 910 2560 983 Vinariam
2634 907 2958 981 indixisse
2991 963 3017 999 ,
3101 910 3174 980 in
3225 935 3371 1007 quo
3423 911 3878 985 Guardianus
3931 913 4111 985 Mo-

1509 1013 1915 1109 guntinuS,
1982 1004 2496 1081 Arnstadienfis
2527 1058 2554 1098 ,
2623 1005 3048 1079 Isenacenfis
3081 1060 3108 1099 ,
3179 1007 3522 1082 Salzenfis
3577 1010 3654 1084 &
3707 1011 3885 1104 alii,
3967 1034 4111 1108 quo

1508 1107 1724 1205 paeto
1792 1108 1937 1181 fine
1999 1102 2265 1179 offensa
2326 1102 2706 1177 Pontificis
2769 1103 2860 1177 ab
2918 1105 3062 1177 hoc
3116 1127 3332 1179 onere
3379 1105 3450 1178 se
3498 1106 3884 1181 liberarent
3933 1104 4111 1202 ipfi,

1511 1204 2105 1303 disquisxverunt:
2190 1202 2477 1301 quando
2541 1203 2968 1275 Gnardianus
3034 1202 3177 1275 Mo
3235 1205 3522 1278 untinus
3588 1205 3752 1304 post
3811 1206 4111 1278 multam

1508 1302 2093 1377 deliberationem
2134 1300 2214 1374 id
2265 1302 2337 1373 in
2385 1298 2454 1372 se
2501 1323 2662 1374 rece
2719 1302 2816 1394 it,
2878 1298 2951 1374 se
2999 1299 3144 1373 Car
3193 1300 3360 1375 mali
3393 1300 3564 1397 sn0,
3631 1304 3758 1376 ubi
3788 1324 4006 1375 cares
4041 1302 4111 1373 in

1505 1399 1695 1473 disce
1752 1401 2098 1475 tationem
2152 1399 2475 1491 veniret,
2541 1423 2666 1471 mu
2698 1417 2802 1472 tas
2835 1395 3296 1472 difficultates
3331 1402 3861 1492 excitaturum,
3928 1401 4005 1474 &
4040 1400 4111 1473 in

1501 1498 1705 1571 omni
1758 1522 1837 1571 us
1873 1495 2486 1572 contradicturum
2518 1492 2697 1588 effe,
2743 1494 2974 1569 donec
3009 1492 3114 1590 is,
3159 1520 3330 1569 cum
3365 1495 3526 1570 satis
3555 1518 3730 1571 nota
3759 1496 3930 1570 ess‘et
3959 1499 4111 1596 ejus

1504 1594 1831 1694 superbia
1859 1596 2220 1693 animique
2250 1592 2509 1690 fastus,
2552 1593 3144 1681 excandesceret3
3197 1592 3484 1692 quando
3521 1594 3810 1669 tandem
3831 1593 3920 1667 ad
3947 1617 4111 1667 eum

1504 1692 1977 1791 placandum,
2041 1693 2569 1768 abdicationem
2620 1691 2925 1792 injunffi
2959 1691 3088 1766 {ibi
3125 1690 3168 1764 i
3203 1692 3565 1768 Pontifice
3599 1693 3881 1794 negotii
3913 1691 4111 1767 obla·

1508 1810 1711 1865 turus
1774 1790 1944 1867 esset
1980 1843 2007 1884 ,
2067 1789 2216 1889 quo
2284 1817 2377 1866 ex
2444 1790 2846 1867 Cardinalis
2909 1788 3125 1865 solius
3189 1791 3492 1864 arbitrio
3555 1810 3712 1865 tota
3757 1813 3868 1863 res
3915 1789 4111 1864 dein-

1508 1912 1677 1987 ceps
1708 1889 2192 1985 expediretur.
2288 1890 2381 1965 Se
2407 1889 2684 1989 sperare
2714 1889 2988 1989 ajebat,
3036 1889 3111 1962 id
3147 1889 3210 1963 ei
3247 1908 3536 1986 gratum
3573 1889 3902 1961 futumm
3935 1886 4111 1980 effe,

1506 1984 1618 2063 fin
1660 1988 1943 2080 minus,
2000 1989 2298 2061 unicum
2347 1986 2696 2084 superesse
2739 1986 3042 2061 addebat
3082 1985 3447 2084 refugium
3498 1986 3588 2061 ad
3617 1985 4111 2082 Pontificem,

1508 2103 1592 2156 ut
1637 2083 1680 2158 a
1729 2083 2079 2158 concursu
2142 2110 2308 2158 cum
2375 2083 2742 2157 Cardinali
2770 2138 2797 2178 ,
2874 2085 2991 2157 cui
3040 2081 3435 2158 satisfacere
3479 2109 3630 2159 non
3727 2084 3902 2159 osset
3933 2139 3959 2177 ,
4023 2082 4111 2157 li-

1508 2181 1896 2257 beraretur.
2000 2181 2474 2257 Concordant
2540 2183 2701 2255 haec
2766 2205 2932 2255 cum
2997 2181 3130 2273 iis,
3215 2206 3380 2280 quae
3443 2186 3637 2285 Sylve
3689 2212 3764 2257 er
3823 2188 4111 2273 Prierias,

1442 2326 1453 2333 -
1504 2280 1583 2353 in
1644 2280 1904 2356 Libello
1963 2300 2180 2351 contra
2240 2279 2615 2353 Lnthernm
2683 2278 2930 2355 retulit
2963 2333 2990 2374 ,
3076 2278 3145 2353 se
3211 2280 3538 2376 nesbivsffe
3575 2282 3759 2379 quod
3799 2283 4111 2356 Domini-

1506 2384 1689 2451 caem's
1745 2378 2314 2482 [indulgentiarum
2363 2385 2737 2479 preconium
2803 2381 3196 2475 commiffiem.
3213 2444 3220 2451 .
3237 2448 3242 2453 .
3257 2382 3400 2475 effic
3420 2432 3446 2473 ,
3517 2382 3763 2482 putasti
3794 2434 3817 2466 ,
3901 2382 4111 2452 Fran«

1506 2481 1775 2573 ciscanis
1835 2480 1912 2549 id
1959 2480 2158 2573 suaeffi
2225 2477 2716 2554 demandatum.
2847 2479 3054 2553 Idem
3123 2479 3624 2555 confirmatur·
3652 2504 3782 2581 per
3847 2474 4111 2577 Diploe

1502 2598 1695 2652 mata
1777 2576 1993 2651 Indul
2046 2577 2399 2651 entiarum
2453 2633 2482 2672 ,
2579 2604 2744 2678 quae
2822 2577 3166 2653 Albertus
3245 2579 3642 2655 Cardinalis
3711 2575 4111 2667 distribuit,-

1504 2674 1585 2746 in
1634 2674 1895 2774 quibus
1942 2730 1949 2739 .
2038 2674 2347 2751 uardiani
2407 2678 2470 2751 F
2473 2675 3040 2753 ranciscanorum
3101 2675 3231 2751 fibi
3293 2677 3334 2752 ὲ
3389 2676 3749 2752 Pontifice
3801 2670 4111 2770 adjunffi

1508 2773 1951 2847 mentionem
2024 2773 2222 2847 facit.
2340 2775 2613 2875 Neque
2676 2774 2852 2850 vero
2907 2777 3135 2853 etiam
3208 2775 3516 2849 Alberto
3569 2775 3646 2844 &
3699 2770 4111 2845 Guardiano

1506 2870 1679 2943 huic
1715 2924 1742 2965 ,
1814 2869 2047 2944 solum
2100 2871 2176 2943 in
2224 2872 2678 2973 Moguntina
2709 2929 2736 2969 ,
2819 2869 3434 2975 Magdeburgenfi
3469 2924 3497 2965 ,
3575 2869 3654 2945 &
3707 2865 4111 2945 Halbersta-

1507 2968 1729 3045 dienfi
1760 3023 1790 3065 ,
1867 2967 1985 3045 sed
2040 2971 2117 3045 δε
2171 2971 2249 3043 in
2297 2973 2564 3073 viginti
2617 2976 2934 3071 quinque
2983 2973 3136 3047 aliis
3185 2970 3639 3068 provinciis,
3707 2968 3935 3067 (quod
3971 2970 4111 3129 liam

1508 3066 1587 3141 in
1633 3065 2113 3167 superioribus
2162 3066 2393 3145 visum
2455 3073 2592 3161 est)
2657 3070 3087 3166 Chrtstophoro
3131 3069 3216 3139 de
3259 3070 3562 3139 For-livio
3590 3114 3618 3151 ‚
3701 3062 3927 3132 modo
3999 3082 4111 3133 au-

1508 3165 1725 3257 dato,
1780 3168 1813 3237 Ι
1822 3166 2403 3264 ndulgentiarum
2499 3166 2735 3237 romu!
2834 3169 2940 3229 tio
2973 3156 3392 3231 demandata
3423 3173 3618 3250 erat,
3685 3159 3892 3257 cujus
3927 3157 4111 3230 vica-

1504 3262 1649 3333 rius
1686 3260 1879 3355 quod
1916 3261 2367 3335 SAMSON
2440 3258 2674 3343 uerit,
2715 3189 3180 3339 anast-anus
3209 3250 3748 3344 Mediolanenfis,
3789 3257 3921 3356 qui
3949 3256 4111 3331 Hel·

1506 3358 1869 3431 vetiorum
1906 3379 2275 3429 crumenas
2309 3351 2687 3441 emunxit,
2753 3372 2844 3419 ex
2883 3348 3218 3449 deinceps
3250 3354 3651 3427 enarrandis
3685 3355 3944 3429 clarius
4002 3383 4111 3455 pa-

1510 3454 1793 3533 tescet5
1884 3452 2077 3523 Cum
2146 3474 2237 3522 ex
2288 3450 2397 3522 bis
2447 3447 2690 3521 saltem
2729 3445 2800 3517 id
2853 3446 3103 3549 colligi
3155 3447 3366 3547 poffit
3399 3504 3424 3545 ,
3511 3477 3721 3550 quam
3774 3455 3966 3528 nulla
4012 3454 4111 3528 su·

1506 3544 1855 3647 perfuerit
1906 3544 2409 3644 Augustinianis
2440 3596 2468 3637 ,
2533 3541 2650 3615 vel
2696 3544 3023 3641 Staeupitio
3073 3548 3766 3646 Augustinianorum
3827 3551 4111 3621 Vicat-ie

1506 3641 1987 3743 provinciali,
2064 3640 2267 3716 causa
2301 3693 2329 3731 ,
2414 3664 2546 3711 cur
2599 3639 2790 3715 hunc
2843 3643 3401 3717 molestiffimum
3458 3665 3652 3716 certe
3701 3646 3777 3715 δε
3829 3638 4111 3714 minimi

1509 3736 1977 3815 invidendum
2030 3740 2373 3809 honorem
2434 3736 2892 3814 Dominicanis
2926 3789 2949 3821 ,
3016 3743 3381 3813 haereticae
3434 3741 3800 3836 pravitatis
3850 3740 4111 3813 dudum

1510 3832 2094 3939 inquisitoribus,
2158 3830 2597 3930 inviderent,
2646 3838 2916 3938 quippe
2952 3839 3074 3937 qui
3117 3836 3644 3939 Augustiniano
3681 3840 3909 3912 ordini
3951 3862 4111 3911 con·

1513 3938 1828 4014 creditus
1880 3930 2104 4005 fuerat
2146 3953 2506 4031 nunquam
2539 3989 2566 4029 ,
2616 3937 2783 4036 quia
2819 3935 3302 4011 Franciscanis
3327 3935 3614 4039 potius,
3665 3959 3877 4035 atque
3912 3939 4111 4010 etiatr

1510 4058 1673 4115 toto
1728 4031 2076 4109 decennio
2124 4049 2331 4125 ante,
2400 4032 2568 4147 ipfis
2625 4037 2764 4109 ‘am
2816 4036 3366 4129 Dominicanis,
3435 4035 3722 4146 quando
3771 4033 3932 4107 sane
3979 4038 4111 4131 jam

1510 4154 1667 4213 turn
1726 4132 1967 4237 potius
2001 4130 2165 4228 ille,
2240 4128 2291 4207 fi
2328 4157 2452 4235 qun
2489 4130 2590 4207 fui
2651 4154 2770 4229 et,
2837 4132 2907 4210 se
2941 4133 3245 4235 prodere
3277 4132 3628 4211 debmffet
3663 4132 4111 4235 Augustinia·

3495 4261 3506 4271 ·
3877 4254 4111 4305 norun
