4884 5042
1276 510 1363 618 (8.)

713 715 753 790 0
780 714 903 812 Deus,
927 711 1050 816 pastor
1065 710 1230 815 optione,
1252 713 1330 811 lasz
1345 710 1564 810 manicias·
1579 714 1746 812 uergebat,

714 814 759 887 ln
776 833 848 889 tam
867 815 967 889 saevis
984 813 1175 909 periculis,
1197 811 1321 908 woll’ss
1336 808 1434 908 anser
1449 814 1525 887 Seel
1537 809 1698 906 losteba.

711 908 811 985 Tuae
829 913 951 986 lumen
968 911 1173 984 clementie
1188 906 1248 1006 [ι]
1264 905 1361 1007 unser
1378 908 1649 1006 Gnadenscbein,

641 1052 643 1057 -
712 1004 758 1081 In
775 1009 863 1084 hora
880 1009 1007 1084 mortia
1024 1005 1182 1106 suscipe,
1205 1007 1308 1082 belua
1323 1031 1385 1083 uns
1399 1031 1464 1082 vor
1478 1010 1603 1106 ew'ger
1617 1006 1719 1082 Pein-

710 1145 825 1221 Paffio
842 1143 1084 1238 sacratisima,
1108 1147 1184 1220 dein
1201 1145 1422 1242 Rosenfarbes
1438 1147 1526 1220 Bina

710 1242 754 1318 N
757 1270 796 1319 oa
812 1245 959 1320 miseros
976 1242 1167 1342 suscipiat,
1192 1246 1268 1319 halt
1286 1248 1400 1320 untia
1413 1241 1521 1334 [einer
1536 1243 1637 1337 Hui,

712 1340 778 1416 Ne
797 1345 978 1437 Daemon,
1004 1343 1060 1415 leo
1079 1342 1246 1441 rugiens,
1271 1367 1333 1415 uns
1344 1341 1435 1433 fabr
1450 1344 1486 1414 in
1502 1366 1596 1416 ame
1611 1335 1734 1435 Nobi,

704 1437 817 1538 Quos
832 1460 906 1516 tam
924 1462 1040 1515 amare
1057 1438 1206 1534 liberas,
1231 1440 1333 1515 beliat
1349 1464 1410 1513 uns
1427 1463 1524 1515 vorm
1539 1465 1652 1540 ewgen
1670 1435 1749 1516 ror.

707 1572 769 1646 De
787 1575 886 1649 coelo
906 1576 982 1649 alto
1001 1571 1158 1673 respice,
1181 1576 1227 1648 du
1243 1573 1371 1668 hacbste
1387 1575 1583 1672 Gutigkeit,

705 1668 844 1746 Tantas
861 1671 1032 1769 pressuras
1049 1674 1201 1765 animae,
1226 1674 1279 1746 die
1290 1674 1373 1771 ¹lasz
1389 1674 1447 1746 dir
1463 1674 1545 1747 doch
1554 1675 1636 1770 seyr
1651 1674 1731 1751 leid.

704 1766 866 1845 Pallorea
886 1769 1022 1846 sanctos
1040 1768 1189 1870 ptaefice
1213 1773 1274 1845 der
1290 1773 1423 1870 heylgen
1441 1771 1675 1863 Chrrstenheit.

709 1864 789 1965 Qui
806 1867 925 1943 secum
943 1892 1071 1968 greges
1088 1869 1230 1943 elevent
1246 1895 1295 1942 zu
1311 1875 1368 1942 dir
1383 1873 1421 1941 in
1437 1870 1623 1963 Ewigkeit.

707 1996 766 2071 lbi
786 2001 842 2074 fac
861 2021 982 2074 tecum
1003 2002 1145 2089 vivere,
1168 2003 1215 2073 du
1225 2002 1378 2091 starcker
1392 1998 1541 2088 hochster
1557 1997 1662 2087 Gora,

561 2139 566 2151 .
704 2091 783 2165 Ubi
802 2119 873 2164 non
893 2095 1037 2187 possunt
1054 2115 1216 2185 premere
1224 2123 1238 2177 a
1255 2096 1358 2184 surg,
1377 2093 1477 2182 prin,
1501 2088 1636 2185 trr'ibstal
1648 2091 1720 2163 aad
1732 2095 1826 2166 autb.

703 2189 775 2262 Sed
821 2188 987 2280 audium,
1014 2185 1202 2279 laetitiam,
1228 2187 1281 2259 dia
1297 2185 1452 2283 ewiglich
1469 2208 1546 2282 mag
1561 2184 1708 2279 wabrn,

702 2287 741 2361 Ο
761 2211 928 2361 Clemens
947 2303 1069 2383 pater,
1095 2282 1240 2379 tribue,
1263 2284 1371 2380 wollst
1383 2284 1576 2383 gnadiglicb
1589 2284 1770 2382 beselam,
1901 2352 1903 2357 .

703 2423 742 2498 Si
762 2422 832 2498 hoc
849 2423 908 2495 cui
926 2419 1113 2520 displiceat
1137 2421 1197 2495 das
1214 2421 1270 2495 ich
1281 2418 1442 2517 gestangen
1459 2418 1549 2510 hab,

702 2521 887 2596 Intentum
910 2518 935 2593 fi
955 2518 1142 2618 respiciat,
1165 2521 1238 2593 aad
1253 2519 1379 2590 merckt
1394 2520 1464 2592 mol
1477 2541 1553 2591 was
1569 2516 1623 2590 ich
1640 2517 1741 2617 klag,
1845 2544 1848 2560 ¹

701 2619 741 2694 si
760 2615 857 2692 secus
874 2615 943 2692 ell‘e
957 2618 1109 2715 judicat.
1151 2616 1233 2691 Das
1244 2615 1306 2713 geb
1323 2617 1383 2689 dar
1395 2615 1502 2713 groffe
1519 2617 1624 2708 Gott,

700 2718 779 2815 Qui
799 2741 989 2801 oveacum
1010 2712 1210 2817 pastoribus
1234 2715 1350 2789 erbebt
1366 2738 1429 2788 aus
1444 2717 1530 2789 aller
1546 2717 1660 2791 Nuba.

699 2854 765 2933 Est
783 2857 880 2933 aliud
898 2877 939 2932 ut
957 2853 1178 2953 plurimum,
1199 2853 1262 2926 das
1278 2849 1355 2924 dich
1373 2875 1422 2925 zu
1431 2853 1576 2945 salchem
1592 2859 1703 2952 migr,
1799 2907 1801 2910 -

700 2958 854 3032 Nomen
871 2955 959 3029 boni
978 2954 1185 3050 regiminis,
1210 2947 1296 3038 dasz
1314 2971 1392 3022 man
1408 2950 1469 3023 das
1485 2970 1552 3022 von
1567 2953 1624 3024 dir
1639 2968 1763 3048 zeugt:

699 3054 764 3126 Est
784 3053 1003 3146 gubernator
1021 3044 1214 3141 providus,
1231 3043 1307 3140 sein
1323 3046 1409 3120 haus
1425 3050 1509 3121 nimi
1522 3051 1672 3147 gluklich
1687 3074 1759 3142 zu,
1851 3077 1854 3081 ·

697 3147 922 3222 Thesaurum
941 3139 1096 3218 multum
1116 3162 1338 3240 congregat,
1363 3144 1440 3218 halt
1455 3148 1521 3221 alle
1537 3148 1636 3246 Ding
1652 3156 1689 3223 in
1704 3149 1801 3222 Rub.

695 3276 776 3369 Jam
794 3276 1070 3385 commendatur
1087 3281 1263 3374 nimium,
1288 3281 1348 3355 der
1361 3281 1488 3375 fulcher
1504 3285 1580 3379 Liss
1597 3288 1669 3358 viel
1682 3286 1773 3377 ken,

697 3371 902 3449 Extollttur
918 3375 963 3449 ab
982 3376 1149 3454 omnibus
1173 3386 1225 3456 als
1236 3405 1304 3479 gar
1319 3386 1373 3454 ein
1390 3401 1516 3455 nutzer
1531 3384 1665 3471 Mara,

696 3469 869 3543 Praelatus
889 3474 947 3548 hic
966 3476 1016 3550 est
1035 3478 1219 3574 optimus,
1244 3482 1305 3553 das
1314 3479 1472 3574 schreyen
1483 3479 1584 3574 grosz
1601 3479 1671 3549 aad
1684 3474 1793 3562 klein,

697 3564 806 3641 Licet
828 3567 871 3642 sit
890 3574 964 3646 vita
980 3571 1176 3668 reprobus,
1201 3576 1272 3646 und
1286 3581 1340 3648 eia
1350 3597 1420 3672 pur
1435 3581 1546 3650 laeter
1563 3573 1694 3647 Schein.

697 3703 758 3783 Sic
776 3703 896 3779 laudat
916 3705 1179 3806 providentiam
1196 3706 1291 3807 solcb
1309 3712 1466 3787 haimlicb
1486 3709 1680 3804 Gurigkeit,

696 3805 747 3882 Et
766 3803 967 3906 gloriantur
986 3807 1165 3901 maxime,
1188 3830 1246 3881 um
1258 3809 1365 3899 soleba
1383 3807 1571 3904 Listigkeit.

695 3903 826 3981 Talem
845 3903 973 3980 dicunt
1020 3905 1243 4000 rudentium,
1259 3905 1329 4004 frit
1347 3932 1425 3980 man
1433 3904 1507 4002 ſscb
1524 3903 1617 3996 nicht
1632 3902 1783 4000 verschat.

693 4002 834 4084 Perstet
851 4003 970 4082 cultus
989 3929 1166 4102 Bomini,
1190 4008 1261 4083 wir
1276 4002 1506 4102 mussanjelbss
1522 4002 1677 4102 vergea».

1817 4152 1855 4228 Ο
1875 4146 1955 4224 vitii
