4884 5042
837 542 1405 625 REN'OVA'T
1456 542 1488 624 s.
1753 546 1819 650 183

514 685 620 765 atque
643 666 820 742 illiteratae
840 669 1043 767 juventutis
1070 667 1192 743 studiis
1209 667 1436 764 traduxerat,
1464 668 1641 765 oscitabat
1659 668 1818 769 appella·

513 765 542 841 ti
561 785 726 868 poterat,
762 792 962 865 quanquam
981 766 1130 865 posthac
1148 770 1255 842 etiam
1273 766 1544 842 admiraculum
1560 768 1670 868 usque
1686 770 1724 840 in
1739 792 1820 840 om·

513 869 550 938 ni
576 867 843 965 disciplinarum
870 888 1000 963 genere
1025 865 1134 939 suerit
1157 863 1330 956 edusius,
1364 868 1468 960 cujus
1492 867 1541 938 rei
1555 865 1664 939 fidem
1681 866 1820 939 faciunt

513 988 598 1038 cum
623 963 754 1063 scripta
776 988 876 1054 eus,
903 986 1012 1037 omne
1037 988 1157 1037 aevum
1186 963 1441 1064 perduratura,
1473 978 1551 1033 tum
1579 963 1661 1035 Viri
1684 962 1820 1057 noui,

537 1063 596 1156 ui,
622 1061 750 1134 sivein
809 1061 910 1154 allia,
938 1060 1062 1135 sivein
1078 1061 1154 1136 aliis
1171 1059 1404 1161 regionibus,
1431 1057 1612 1128 literarum
1631 1059 1753 1134 studiis
1761 1085 1818 1134 re·

512 1086 612 1232 dum
640 1160 791 1232 statuere
806 1161 968 1257 pretium
981 1179 1131 1255 notant,
1163 1183 1288 1232 omnes
1304 1157 1504 1247 Budaeum,
1533 1172 1700 1321 tanquam
1716 1178 1819 1233 cotn-

513 1280 623 1329 mune
645 1256 858 1329 eruditionis
883 1257 1069 1330 oraculum
1092 1255 1349 1358 suspiciebant,
1382 1250 1577 1348 seduloque
1616 1250 1666 1323 tbi
1692 1274 1822 1325 caven-

514 1353 603 1427 dum
637 1352 812 1451 putabant
841 1378 888 1434 ne
916 1353 960 1426 ab
983 1356 1061 1451 ejus
1093 1356 1292 1430 divortium
1318 1353 1478 1425 facerent
1506 1348 1555 1445 (ι)
1577 1345 1821 1445 opinionibus.

514 1454 617 1525 lnter
649 1449 781 1549 sciipta
809 1453 885 1548 ejus
907 1451 1068 1522 eminent
1092 1453 1182 1551 Ejus
1205 1454 1300 1526 Nota
1322 1455 1358 1522 in
1383 1448 1516 1521 Libros
1542 1466 1651 1518 xxtv.
1686 1444 1822 1542 priores

512 1547 780 1636 ianuarum,
811 1547 907 1616 varia
932 1544 1135 1621 eruditione
1160 1544 1405 1622 refertillimae.
1458 1544 1549 1642 Ejus
1566 1545 1830 1616 commanus·

516 1643 558 1713 de
582 1643 659 1734 Affe
681 1648 723 1719 d*
741 1645 849 1714 vareis
865 1649 933 1732 qus
943 1639 1114 1736 partibus,
1147 1645 1282 1743 dequo
1300 1667 1411 1717 nemo
1422 1666 1496 1715 non
1515 1664 1598 1716 eum
1617 1638 1685 1712 effe
1701 1638 1823 1712 erudi·

516 1739 625 1811 tionis
647 1739 870 1811 edecumatae
896 1737 1068 1833 testatur,
1101 1742 1236 1842 quippe
1262 1744 1300 1814 in
1351 1764 1399 1814 uo
1420 1764 1473 1814 res
1500 1736 1713 1812 nummarias
1732 1732 1824 1809 dtot

510 1836 598 1934 jam·
613 1834 739 1928 seculis
767 1833 934 1929 intaslas,
970 1839 1180 1937 penitusque
1203 1766 1374 1913 abstrusas
1391 1839 1429 1912 &
1448 1838 1595 1913 latentes
1610 1858 1655 1908 ex
1671 1833 1824 1908 infirmis

511 1931 680 2005 obscurae
707 1933 929 2030 antiquitatis
962 1936 1204 2032 penetralibus
1239 1936 1332 2011 eruit
1364 1937 1403 2011 ὅ(
1436 1937 1474 2009 in
1508 1934 1626 2008 lucem
1655 1930 1823 2031 protulit.

511 2028 628 2103 Porro
655 2031 732 2102 e‘us
756 2033 1017 2103 Commentarius
1040 2038 1174 2135 Lingua
1200 2041 1326 2119 uraca,
1360 2033 1460 2131 quod
1483 2054 1575 2130 opus
1600 2027 1668 2104 else
1693 2026 1825 2102 laboris

513 2054 735 2202 immensae
754 2128 870 2228 prope*
887 2128 1045 2226 infiniti,
1071 2133 1145 2231 ipsa
1159 2133 1238 2231 ejus
1255 2129 1405 2212 testatur
1421 2126 1617 2229 impedio,
1643 2150 1728 2202 curn
1744 2150 1825 2200 om·

511 2248 572 2300 nes
598 2223 674 2299 sere
695 2228 865 2300 orationis
890 2250 1025 2328 graecae
1052 2229 1198 2330 ejusque
1211 2254 1296 2304 cum
1315 2227 1423 2303 latina
1440 2226 1670 2327 cognationis
1684 2221 1826 2300 thesau-

513 2325 544 2395 ti
571 2325 608 2394 in
630 2347 675 2394 eo
701 2323 918 2415 bucelleni,
953 2328 1134 2424 totiusque
1158 2328 1317 2426 Linguae
1346 2327 1496 2400 Graecae
1523 2324 1710 2398 sacrarium
1729 2323 1768 2394 in
1781 2343 1833 2394 eu·

514 2418 715 2514 posteritati
742 2419 785 2488 fic
808 2420 1012 2507 reseratum.
1064 2430 1119 2495 De
1141 2423 1344 2512 Institutione
1361 2424 1517 2520 principis
1533 2424 1642 2496 ctiam
1658 2417 1711 2494 est
1724 2441 1828 2492 cotn-

518 2528 723 2600 mentatus,
738 2513 897 2604 itemque
912 2513 1011 2583 libris
1028 2519 1143 2588 tribus
1161 2521 1207 2589 de
1220 2530 1379 2589 contemtu
1394 2544 1508 2590 rerum
1515 2520 1761 2609 fortuitarum,
1778 2515 1827 2586 li·

514 2608 588 2683 bris
604 2605 746 2679 duobus
763 2604 807 2677 de
823 2605 1022 2702 Philologia,
1044 2631 1089 2680 ne
1106 2633 1433 2682 commemoremus
1449 2613 1539 2700 alia,
1574 2615 1668 2687 inter
1685 2636 1767 2710 quae
1786 2613 1825 2684 &

515 2709 591 2806 ejus
616 2704 661 2777 de
683 2704 839 2795 Transttu
856 2704 1045 2794 Hellenismi
1060 2702 1106 2772 ad
1124 2704 1406 2799 Christianismum
1424 2703 1517 2774 liber
1534 2705 1585 2777 est
1601 2730 1828 2780 commemo·

515 2800 644 2879 raudus
669 2799 787 2876 &sm
844 2801 909 2873 Ne
931 2799 1009 2897 quis
1025 2798 1144 2874 autem
1161 2797 1244 2871 solis
1265 2800 1375 2872 literis
1390 2798 1544 2873 eundem
1561 2817 1685 2872 natum
1703 2799 1826 2897 fuisse,

515 2921 577 2976 aut
603 2896 818 2972 deivilibus
835 2921 880 2970 ue
908 2895 992 2969 otiis
1010 2898 1048 2972 &
1065 2896 1277 2997 reipublicae
1294 2920 1380 2970 cura
1395 2892 1549 2969 eundern
1566 2894 1713 2968 abfuisse
1725 2894 1827 2992 judi·

517 2992 601 3091 'cet,
634 2996 743 3070 variae
770 2999 847 3093 ejus
876 2920 1012 3069 {cient
1037 2995 1076 3071 δε
1102 2993 1316 3098 graviffimae
1341 2993 1563 3095 legationes,
1593 2992 1632 3065 in
1650 2988 1826 3104 quibusis

516 3094 650 3172 Galliae
668 3092 837 3193 Regibus
854 3091 1068 3169 laudabilem
1088 3092 1230 3194 prorsus
1251 3091 1419 3193 ptaestitit
1430 3114 1600 3191 operam,
1616 3087 1825 3188 utrpostre·

406 3280 408 3284 ¹
516 3194 656 3284 ditum,
682 3214 764 3262 cum
781 3193 819 3262 in
835 3195 1045 3288 'exoptatam
1062 3190 1291 3266 solitudinem
1302 3191 1724 3290 studiorumqueluotutn
1736 3212 1823 3287 por-

515 3311 599 3367 tum
608 3288 642 3362 se
651 3286 861 3387 recepisset,
888 3288 1188 3365 FRANCISCI
1211 3285 1829 3366 1.,benevolentiainauamfint1e·

1757 3410 1827 3463 VO·

559 3525 607 3608 (a)
629 3521 729 3608 Quod
754 3524 805 3588 vel
821 3538 861 3585 ex
874 3521 972 3586 unico
987 3519 1136 3602 Jobms's
1148 3521 1290 3607 Ropousa
1303 3519 1430 3607 Egnatia·
1444 3528 1589 3603 exemplo
1603 3541 1744 3604 apparet,
1763 3526 1836 3608 qni

516 3624 595 3671 cum
614 3607 790 3690 anquando-
806 3605 838 3668 in
862 3624 895 3668 re
917 3605 1049 3671 minoris
1073 3607 1226 3671 momenti
1240 3604 1414 3683 diffinisset
1431 3603 1449 3668 d
1464 3603 1599 3686 Budao‚
1627 3607 1721 3689 idque
1734 3610 1825 3675 tella·

519 3702 590 3754 tum
604 3691 741 3769 fecisset,
755 3691 909 3773 preterito
923 3688 992 3771 ejus
1010 3689 1156 3764 nomine,
1174 3688 1205 3754 in
1214 3687 1535 3772 Erasmumdeiuceps
1542 3689 1718 3770 invehebat,
1738 3692 1840 3772 quod·-

520 3772 546 3836 is
570 3772 601 3838 id
624 3774 742 3839 disertis
763 3772 861 3837 verbis
884 3771 1068 3846 monuisset,
1098 3789 1194 3854 atque
1215 3773 1359 3857 singulari
1375 3772 1413 3837 ad
1428 3773 1568 3838 amicum
1585 3774 1673 3839 milia
1688 3773 1835 3854 Epistola.

523 3858 667 3938 volebat,
695 3872 730 3922 ut
754 3856 779 3919 it
802 3853 1021 3937 semetipsum
1043 3852 1156 3919 Tanto
1179 3855 1257 3925 viro,
1281 3855 1393 3920 iterum
1406 3857 1607 3936 conciliaret,
1635 3852 1837 3938 niumagon·

524 3934 663 4020 Rudent,
690 3941 741 4024 (βε
759 3945 792 4001 in
813 3938 896 4004 terrn'
915 3937 998 4002 hodie
1019 3943 1184 4018 amm,
1210 3941 1297 4023 cujus
1320 3939 1378 4017 (ita
1399 3936 1499 4005 scribit
1516 3937 1664 4024 Egnatius
1680 3937 1713 4000 in
1730 3933 1836 4017 Epist..

526 4017 667 4086 venetiis
695 4018 786 4101 1518.
802 4019 834 4084 d.
854 4018 903 4084 18.
920 4021 1055 4099 Januatii
1072 4020 1142 4085 data
1166 4040 1238 4102 quae
1262 4018 1377 4086 iusettn
1395 4022 1435 4086 eu
1456 4022 1600 4107 Epistolis
1624 4017 1780 4098 Philolog.
1806 4019 1833 4086 d·

530 4099 687 4168 Goldallo
707 4104 795 4169 editis
821 4120 855 4168 n.
870 4106 976 4186 xxxv.)
998 4101 1222 4190 gadaursum
1237 4110 1334 4194 magia
1343 4103 1491 4189 Matr,
1517 4106 1553 4171 de
1566 4101 1651 4190 cujus
1660 4106 1772 4189 ingenio
1786 4102 1825 4169 dd!

525 4184 641 4252 senuas
647 4185 818 4272 pedem,
836 4205 975 4277 qumque
984 4207 1033 4276 ego
1041 4186 1266 4277 plausum
1730 4221 1732 4224 <
