<?xml version="1.0" encoding="UTF-8"?>
<!DOCTYPE html PUBLIC "-//W3C//DTD XHTML 1.0 Transitional//EN"
    "http://www.w3.org/TR/xhtml1/DTD/xhtml1-transitional.dtd">
<html xmlns="http://www.w3.org/1999/xhtml" xml:lang="en" lang="en">
 <head>
  <title>
</title>
<meta http-equiv="Content-Type" content="text/html;charset=utf-8" />
  <meta name='ocr-system' content='tesseract 3.04.00' />
  <meta name='ocr-capabilities' content='ocr_page ocr_carea ocr_par ocr_line ocrx_word'/>
</head>
<body>
  <div class='ocr_page' id='page_1' title='image "./introductioinhi00gerdgoog/introductioinhi00gerdgoog_0433.png"; bbox 0 0 4884 5042; ppageno 0'>
   <div class='ocr_carea' id='block_1_1' title="bbox 1173 539 1281 636">
    <p class='ocr_par' dir='ltr' id='par_1_1' title="bbox 1173 539 1281 636">
     <span class='ocr_line' id='line_1_1' title="bbox 1173 539 1281 636; baseline 0 0"><span class='ocrx_word' id='word_1_1' title='bbox 1173 539 1281 636; x_wconf 67' lang='lat' dir='ltr'>(aa)</span> 
     </span>
    </p>
   </div>
   <div class='ocr_carea' id='block_1_2' title="bbox 536 675 1876 1557">
    <p class='ocr_par' dir='ltr' id='par_1_2' title="bbox 536 675 1876 1557">
     <span class='ocr_line' id='line_1_2' title="bbox 577 675 1876 784; baseline -0.003 -23"><span class='ocrx_word' id='word_1_2' title='bbox 577 686 684 784; x_wconf 89' lang='lat' dir='ltr'>pendi</span> <span class='ocrx_word' id='word_1_3' title='bbox 710 709 796 759; x_wconf 89' lang='lat' dir='ltr'>auro</span> <span class='ocrx_word' id='word_1_4' title='bbox 822 698 938 779; x_wconf 86' lang='lat' dir='ltr'>queat.</span> <span class='ocrx_word' id='word_1_5' title='bbox 981 676 1092 754; x_wconf 88' lang='lat' dir='ltr'><strong>Certe</strong></span> <span class='ocrx_word' id='word_1_6' title='bbox 1117 700 1190 752; x_wconf 90' lang='lat' dir='ltr'>non</span> <span class='ocrx_word' id='word_1_7' title='bbox 1216 675 1330 749; x_wconf 88' lang='lat' dir='ltr'>aderit</span> <span class='ocrx_word' id='word_1_8' title='bbox 1350 675 1524 750; x_wconf 89' lang='lat' dir='ltr'>calorille</span> <span class='ocrx_word' id='word_1_9' title='bbox 1541 675 1579 755; x_wconf 72' lang='grc' dir='ltr'>δε</span> <span class='ocrx_word' id='word_1_10' title='bbox 1596 679 1649 753; x_wconf 84' lang='lat' dir='ltr'>vis</span> <span class='ocrx_word' id='word_1_11' title='bbox 1667 679 1876 757; x_wconf 88' lang='lat' dir='ltr'>indicendo</span> 
     </span>
     <span class='ocr_line' id='line_1_3' title="bbox 576 776 1875 883; baseline -0.005 -26"><span class='ocrx_word' id='word_1_12' title='bbox 576 784 752 876; x_wconf 88' lang='lat' dir='ltr'>oratoria,</span> <span class='ocrx_word' id='word_1_13' title='bbox 784 780 997 877; x_wconf 83' lang='lat' dir='ltr'>spiritusque</span> <span class='ocrx_word' id='word_1_14' title='bbox 1023 781 1116 871; x_wconf 70' lang='grc' dir='ltr'><em>ζώσης</em></span> <span class='ocrx_word' id='word_1_15' title='bbox 1139 793 1181 846; x_wconf 91' lang='lat' dir='ltr'>ut</span> <span class='ocrx_word' id='word_1_16' title='bbox 1205 776 1306 871; x_wconf 89' lang='lat' dir='ltr'>ajunt</span> <span class='ocrx_word' id='word_1_17' title='bbox 1323 780 1448 883; x_wconf 24' lang='lat' dir='ltr'>tamise,</span> <span class='ocrx_word' id='word_1_18' title='bbox 1475 798 1555 883; x_wconf 29' lang='lat' dir='ltr'>‘quo</span> <span class='ocrx_word' id='word_1_19' title='bbox 1582 797 1722 851; x_wconf 89' lang='lat' dir='ltr'>tantum</span> <span class='ocrx_word' id='word_1_20' title='bbox 1750 783 1875 876; x_wconf 90' lang='lat' dir='ltr'>potuit</span> 
     </span>
     <span class='ocr_line' id='line_1_4' title="bbox 536 872 1875 980; baseline -0.004 -23"><span class='ocrx_word' id='word_1_21' title='bbox 536 897 547 909; x_wconf 83' lang='lat'><em>‘</em></span> <span class='ocrx_word' id='word_1_22' title='bbox 575 881 770 980; x_wconf 84' lang='lat' dir='ltr'>AEgidius,</span> <span class='ocrx_word' id='word_1_23' title='bbox 796 900 837 952; x_wconf 93' lang='lat' dir='ltr'>ut</span> <span class='ocrx_word' id='word_1_24' title='bbox 865 879 1027 950; x_wconf 91' lang='lat' dir='ltr'>omnium</span> <span class='ocrx_word' id='word_1_25' title='bbox 1044 872 1258 959; x_wconf 84' lang='lat' dir='ltr'>adstantium</span> <span class='ocrx_word' id='word_1_26' title='bbox 1275 894 1411 943; x_wconf 90' lang='lat' dir='ltr'>ammos</span> <span class='ocrx_word' id='word_1_27' title='bbox 1455 893 1584 946; x_wconf 79' lang='lat' dir='ltr'>timum</span> <span class='ocrx_word' id='word_1_28' title='bbox 1601 873 1794 950; x_wconf 76' lang='lat' dir='ltr'>suavissime</span> <span class='ocrx_word' id='word_1_29' title='bbox 1809 877 1875 952; x_wconf 91' lang='lat' dir='ltr'>de-</span> 
     </span>
     <span class='ocr_line' id='line_1_5' title="bbox 574 968 1873 1069; baseline -0.004 -15"><span class='ocrx_word' id='word_1_30' title='bbox 574 977 755 1069; x_wconf 86' lang='lat' dir='ltr'>mulserit,</span> <span class='ocrx_word' id='word_1_31' title='bbox 773 975 901 1047; x_wconf 89' lang='lat' dir='ltr'>deinde</span> <span class='ocrx_word' id='word_1_32' title='bbox 917 973 958 1045; x_wconf 91' lang='lat' dir='ltr'>ad</span> <span class='ocrx_word' id='word_1_33' title='bbox 977 991 1178 1045; x_wconf 87' lang='lat' dir='ltr'>extremum</span> <span class='ocrx_word' id='word_1_34' title='bbox 1196 968 1399 1041; x_wconf 86' lang='lat' dir='ltr'>vehementi</span> <span class='ocrx_word' id='word_1_35' title='bbox 1425 991 1496 1039; x_wconf 84' lang='lat' dir='ltr'>rme</span> <span class='ocrx_word' id='word_1_36' title='bbox 1513 977 1764 1047; x_wconf 89' lang='lat' dir='ltr'>commoverit.</span> <span class='ocrx_word' id='word_1_37' title='bbox 1795 975 1873 1050; x_wconf 91' lang='lat' dir='ltr'>Ve-</span> 
     </span>
     <span class='ocr_line' id='line_1_6' title="bbox 551 1065 1872 1171; baseline -0.002 -23"><span class='ocrx_word' id='word_1_38' title='bbox 551 1146 553 1151; x_wconf 74' lang='grc'><strong>,</strong></span> <span class='ocrx_word' id='word_1_39' title='bbox 574 1100 654 1148; x_wconf 90' lang='lat' dir='ltr'>rum</span> <span class='ocrx_word' id='word_1_40' title='bbox 681 1074 767 1171; x_wconf 95' lang='lat' dir='ltr'>quid</span> <span class='ocrx_word' id='word_1_41' title='bbox 794 1095 883 1168; x_wconf 88' lang='lat' dir='ltr'>opus</span> <span class='ocrx_word' id='word_1_42' title='bbox 909 1073 989 1141; x_wconf 82' lang='lat' dir='ltr'>haec</span> <span class='ocrx_word' id='word_1_43' title='bbox 1014 1069 1058 1141; x_wconf 92' lang='lat' dir='ltr'>ad</span> <span class='ocrx_word' id='word_1_44' title='bbox 1075 1089 1111 1154; x_wconf 88' lang='lat' dir='ltr'>te</span> <span class='ocrx_word' id='word_1_45' title='bbox 1129 1065 1303 1159; x_wconf 88' lang='lat' dir='ltr'>scribere,</span> <span class='ocrx_word' id='word_1_46' title='bbox 1327 1066 1389 1163; x_wconf 92' lang='lat' dir='ltr'>qui</span> <span class='ocrx_word' id='word_1_47' title='bbox 1407 1089 1527 1137; x_wconf 88' lang='lat' dir='ltr'>amore</span> <span class='ocrx_word' id='word_1_48' title='bbox 1544 1067 1688 1163; x_wconf 92' lang='lat' dir='ltr'>quidem</span> <span class='ocrx_word' id='word_1_49' title='bbox 1708 1072 1745 1144; x_wconf 76' lang='lat' dir='ltr'>dc</span> <span class='ocrx_word' id='word_1_50' title='bbox 1763 1072 1872 1147; x_wconf 89' lang='lat' dir='ltr'>bene·</span> 
     </span>
     <span class='ocr_line' id='line_1_7' title="bbox 574 1162 1873 1266; baseline 0 -25"><span class='ocrx_word' id='word_1_51' title='bbox 574 1173 733 1245; x_wconf 86' lang='lat' dir='ltr'>volentia</span> <span class='ocrx_word' id='word_1_52' title='bbox 757 1192 842 1266; x_wconf 86' lang='lat' dir='ltr'>erga</span> <span class='ocrx_word' id='word_1_53' title='bbox 867 1166 1058 1264; x_wconf 84' lang='lat' dir='ltr'>AEgidium</span> <span class='ocrx_word' id='word_1_54' title='bbox 1087 1165 1175 1238; x_wconf 90' lang='lat' dir='ltr'>milri</span> <span class='ocrx_word' id='word_1_55' title='bbox 1203 1187 1289 1262; x_wconf 88' lang='lat' dir='ltr'>par,</span> <span class='ocrx_word' id='word_1_56' title='bbox 1311 1162 1461 1254; x_wconf 91' lang='lat' dir='ltr'>Judicio</span> <span class='ocrx_word' id='word_1_57' title='bbox 1484 1162 1648 1234; x_wconf 88' lang='lat' dir='ltr'>omnibus</span> <span class='ocrx_word' id='word_1_58' title='bbox 1666 1168 1873 1244; x_wconf 85' lang='lat' dir='ltr'>antecellis?</span> 
     </span>
     <span class='ocr_line' id='line_1_8' title="bbox 575 1258 1875 1364; baseline -0.001 -26"><span class='ocrx_word' id='word_1_59' title='bbox 575 1265 661 1363; x_wconf 85' lang='lat' dir='ltr'>Ego</span> <span class='ocrx_word' id='word_1_60' title='bbox 687 1266 786 1364; x_wconf 92' lang='lat' dir='ltr'>quod</span> <span class='ocrx_word' id='word_1_61' title='bbox 809 1265 893 1361; x_wconf 83' lang='lat' dir='ltr'>egi,</span> <span class='ocrx_word' id='word_1_62' title='bbox 926 1285 967 1336; x_wconf 93' lang='lat' dir='ltr'>ut</span> <span class='ocrx_word' id='word_1_63' title='bbox 991 1262 1218 1342; x_wconf 71' lang='lat' dir='ltr'>elucubratio</span> <span class='ocrx_word' id='word_1_64' title='bbox 1244 1261 1374 1357; x_wconf 90' lang='lat' dir='ltr'>optimi</span> <span class='ocrx_word' id='word_1_65' title='bbox 1394 1260 1432 1333; x_wconf 69' lang='grc' dir='ltr'>ὅ(</span> <span class='ocrx_word' id='word_1_66' title='bbox 1451 1258 1697 1356; x_wconf 79' lang='lat' dir='ltr'>religiosissimi</span> <span class='ocrx_word' id='word_1_67' title='bbox 1714 1264 1783 1334; x_wconf 89' lang='lat' dir='ltr'>viri</span> <span class='ocrx_word' id='word_1_68' title='bbox 1800 1287 1875 1346; x_wconf 86' lang='lat' dir='ltr'>nou</span> 
     </span>
     <span class='ocr_line' id='line_1_9' title="bbox 575 1356 1874 1458; baseline -0.002 -23"><span class='ocrx_word' id='word_1_69' title='bbox 575 1363 706 1439; x_wconf 84' lang='lat' dir='ltr'>lateret</span> <span class='ocrx_word' id='word_1_70' title='bbox 727 1367 762 1436; x_wconf 92' lang='lat' dir='ltr'>in</span> <span class='ocrx_word' id='word_1_71' title='bbox 787 1357 1167 1457; x_wconf 61' lang='lat' dir='ltr'>tenebris‚‡supprelsa&#39;,</span> <span class='ocrx_word' id='word_1_72' title='bbox 1199 1357 1259 1430; x_wconf 91' lang='lat' dir='ltr'>sed</span> <span class='ocrx_word' id='word_1_73' title='bbox 1277 1361 1314 1430; x_wconf 90' lang='lat' dir='ltr'>in</span> <span class='ocrx_word' id='word_1_74' title='bbox 1329 1356 1505 1458; x_wconf 86' lang='lat' dir='ltr'>populum</span> <span class='ocrx_word' id='word_1_75' title='bbox 1523 1358 1660 1452; x_wconf 86' lang='lat' dir='ltr'>exiret,</span> <span class='ocrx_word' id='word_1_76' title='bbox 1694 1359 1797 1455; x_wconf 90' lang='lat' dir='ltr'>spero</span> <span class='ocrx_word' id='word_1_77' title='bbox 1816 1384 1874 1434; x_wconf 86' lang='lat' dir='ltr'>me</span> 
     </span>
     <span class='ocr_line' id='line_1_10' title="bbox 574 1453 1805 1557; baseline -0.004 -22"><span class='ocrx_word' id='word_1_78' title='bbox 574 1459 679 1535; x_wconf 89' lang='lat' dir='ltr'>bonis</span> <span class='ocrx_word' id='word_1_79' title='bbox 698 1459 864 1535; x_wconf 89' lang='lat' dir='ltr'>omnibus</span> <span class='ocrx_word' id='word_1_80' title='bbox 880 1457 1023 1557; x_wconf 79' lang='lat' dir='ltr'>gratum</span> <span class='ocrx_word' id='word_1_81' title='bbox 1043 1454 1182 1549; x_wconf 85' lang='lat' dir='ltr'>fecisse,</span> <span class='ocrx_word' id='word_1_82' title='bbox 1208 1454 1276 1529; x_wconf 90' lang='lat' dir='ltr'>tibi</span> <span class='ocrx_word' id='word_1_83' title='bbox 1293 1454 1437 1552; x_wconf 91' lang='lat' dir='ltr'>quidem</span> <span class='ocrx_word' id='word_1_84' title='bbox 1456 1474 1554 1528; x_wconf 86' lang='lat' dir='ltr'>certe</span> <span class='ocrx_word' id='word_1_85' title='bbox 1571 1453 1657 1530; x_wconf 90' lang='lat' dir='ltr'>scio.</span> <span class='ocrx_word' id='word_1_86' title='bbox 1702 1454 1805 1530; x_wconf 82' lang='lat' dir='ltr'>Vale.</span> 
     </span>
    </p>
   </div>
   <div class='ocr_carea' id='block_1_3' title="bbox 824 1635 1620 1746">
    <p class='ocr_par' dir='ltr' id='par_1_3' title="bbox 824 1635 1620 1746">
     <span class='ocr_line' id='line_1_11' title="bbox 824 1635 1620 1746; baseline -0.006 -30"><span class='ocrx_word' id='word_1_87' title='bbox 824 1640 995 1746; x_wconf 86' lang='lat' dir='ltr'>Sequitur</span> <span class='ocrx_word' id='word_1_88' title='bbox 1020 1638 1237 1714; x_wconf 88' lang='lat' dir='ltr'>ORATIO</span> <span class='ocrx_word' id='word_1_89' title='bbox 1263 1660 1344 1736; x_wconf 83' lang='lat' dir='ltr'>quae</span> <span class='ocrx_word' id='word_1_90' title='bbox 1370 1638 1419 1711; x_wconf 92' lang='lat' dir='ltr'>ita</span> <span class='ocrx_word' id='word_1_91' title='bbox 1443 1635 1476 1710; x_wconf 89' lang='lat' dir='ltr'>se</span> <span class='ocrx_word' id='word_1_92' title='bbox 1501 1635 1620 1711; x_wconf 89' lang='lat' dir='ltr'>habet.</span> 
     </span>
    </p>
   </div>
   <div class='ocr_carea' id='block_1_4' title="bbox 570 1749 1986 3599">
    <p class='ocr_par' dir='ltr' id='par_1_4' title="bbox 570 1749 1986 3599">
     <span class='ocr_line' id='line_1_12' title="bbox 576 1749 1874 1843; baseline -0.004 -12"><span class='ocrx_word' id='word_1_93' title='bbox 576 1822 580 1831; x_wconf 92' lang='lat'><em>.</em></span> <span class='ocrx_word' id='word_1_94' title='bbox 623 1753 821 1828; x_wconf 89' lang='lat' dir='ltr'>Neminem</span> <span class='ocrx_word' id='word_1_95' title='bbox 844 1755 914 1828; x_wconf 93' lang='lat' dir='ltr'>hoc</span> <span class='ocrx_word' id='word_1_96' title='bbox 934 1752 1017 1825; x_wconf 93' lang='lat' dir='ltr'>loco</span> <span class='ocrx_word' id='word_1_97' title='bbox 1036 1776 1109 1824; x_wconf 93' lang='lat' dir='ltr'>non</span> <span class='ocrx_word' id='word_1_98' title='bbox 1125 1753 1245 1825; x_wconf 90' lang='lat' dir='ltr'>mirari</span> <span class='ocrx_word' id='word_1_99' title='bbox 1263 1749 1451 1843; x_wconf 88' lang='lat' dir='ltr'>existimo,</span> <span class='ocrx_word' id='word_1_100' title='bbox 1471 1775 1554 1823; x_wconf 91' lang='lat' dir='ltr'>cum</span> <span class='ocrx_word' id='word_1_101' title='bbox 1575 1772 1632 1824; x_wconf 91' lang='lat' dir='ltr'>tot</span> <span class='ocrx_word' id='word_1_102' title='bbox 1648 1751 1683 1823; x_wconf 91' lang='lat' dir='ltr'>in</span> <span class='ocrx_word' id='word_1_103' title='bbox 1692 1749 1797 1825; x_wconf 86' lang='lat' dir='ltr'>Urbe</span> <span class='ocrx_word' id='word_1_104' title='bbox 1805 1752 1874 1826; x_wconf 90' lang='lat' dir='ltr'>viri</span> 
     </span>
     <span class='ocr_line' id='line_1_13' title="bbox 573 1846 1955 1948; baseline 0.001 -27"><span class='ocrx_word' id='word_1_105' title='bbox 573 1848 641 1929; x_wconf 81' lang='lat' dir='ltr'>sant</span> <span class='ocrx_word' id='word_1_106' title='bbox 659 1854 816 1948; x_wconf 84' lang='lat' dir='ltr'>graviter</span> <span class='ocrx_word' id='word_1_107' title='bbox 833 1849 1047 1947; x_wconf 80' lang='lat' dir='ltr'>copioseque</span> <span class='ocrx_word' id='word_1_108' title='bbox 1064 1849 1206 1922; x_wconf 90' lang='lat' dir='ltr'>dicendi</span> <span class='ocrx_word' id='word_1_109' title='bbox 1222 1847 1393 1922; x_wconf 79' lang='lat' dir='ltr'>facultate</span> <span class='ocrx_word' id='word_1_110' title='bbox 1410 1846 1607 1941; x_wconf 82' lang='lat' dir='ltr'>clariffimi,</span> <span class='ocrx_word' id='word_1_111' title='bbox 1627 1847 1876 1946; x_wconf 77' lang='lat' dir='ltr'>curipseuuus</span> <span class='ocrx_word' id='word_1_112' title='bbox 1953 1859 1955 1868; x_wconf 77' lang='grc'>’</span> 
     </span>
     <span class='ocr_line' id='line_1_14' title="bbox 571 1937 1911 2045; baseline 0.001 -25"><span class='ocrx_word' id='word_1_113' title='bbox 571 1951 745 2043; x_wconf 88' lang='lat' dir='ltr'>quicum</span> <span class='ocrx_word' id='word_1_114' title='bbox 773 1948 967 2025; x_wconf 86' lang='lat' dir='ltr'>luminibus</span> <span class='ocrx_word' id='word_1_115' title='bbox 995 1950 1048 2020; x_wconf 85' lang='lat' dir='ltr'>his</span> <span class='ocrx_word' id='word_1_116' title='bbox 1074 1937 1171 2020; x_wconf 89' lang='lat' dir='ltr'>nulla</span> <span class='ocrx_word' id='word_1_117' title='bbox 1197 1945 1261 2018; x_wconf 82' lang='lat' dir='ltr'>fim</span> <span class='ocrx_word' id='word_1_118' title='bbox 1287 1946 1425 2018; x_wconf 90' lang='lat' dir='ltr'>ratione</span> <span class='ocrx_word' id='word_1_119' title='bbox 1442 1946 1724 2042; x_wconf 87' lang='lat' dir='ltr'>comparandus,</span> <span class='ocrx_word' id='word_1_120' title='bbox 1749 1947 1788 2020; x_wconf 90' lang='lat'>&amp;</span> <span class='ocrx_word' id='word_1_121' title='bbox 1805 1970 1876 2045; x_wconf 81' lang='lat' dir='ltr'>ptq</span> <span class='ocrx_word' id='word_1_122' title='bbox 1903 2011 1911 2021; x_wconf 84' lang='grc'><strong><em>,</em></strong></span> 
     </span>
     <span class='ocr_line' id='line_1_15' title="bbox 572 2042 1986 2151; baseline 0.005 -35"><span class='ocrx_word' id='word_1_123' title='bbox 572 2045 693 2134; x_wconf 85' lang='lat' dir='ltr'>rostris</span> <span class='ocrx_word' id='word_1_124' title='bbox 702 2070 889 2145; x_wconf 90' lang='lat' dir='ltr'>appaream</span> <span class='ocrx_word' id='word_1_125' title='bbox 899 2057 921 2138; x_wconf 81' lang='lat'>,&#39;</span> <span class='ocrx_word' id='word_1_126' title='bbox 932 2045 969 2119; x_wconf 73' lang='grc' dir='ltr'>ὃ(</span> <span class='ocrx_word' id='word_1_127' title='bbox 979 2046 1016 2117; x_wconf 92' lang='lat' dir='ltr'>in</span> <span class='ocrx_word' id='word_1_128' title='bbox 1027 2064 1124 2116; x_wconf 88' lang='lat' dir='ltr'>tanta</span> <span class='ocrx_word' id='word_1_129' title='bbox 1137 2043 1332 2141; x_wconf 82' lang='lat' dir='ltr'>praesertim</span> <span class='ocrx_word' id='word_1_130' title='bbox 1343 2066 1401 2135; x_wconf 90' lang='lat' dir='ltr'>re,</span> <span class='ocrx_word' id='word_1_131' title='bbox 1419 2061 1593 2142; x_wconf 91' lang='lat' dir='ltr'>tantoque</span> <span class='ocrx_word' id='word_1_132' title='bbox 1602 2042 1784 2139; x_wconf 84' lang='lat' dir='ltr'>consessu,</span> <span class='ocrx_word' id='word_1_133' title='bbox 1799 2065 1877 2151; x_wconf 79' lang='lat' dir='ltr'>quo</span> <span class='ocrx_word' id='word_1_134' title='bbox 1892 2071 1928 2136; x_wconf 18' lang='lat'>22:¹—</span> <span class='ocrx_word' id='word_1_135' title='bbox 1943 2125 1959 2131; x_wconf 77' lang='grc'>,,</span> <span class='ocrx_word' id='word_1_136' title='bbox 1983 2123 1986 2129; x_wconf 81' lang='grc'><strong>,</strong></span> 
     </span>
     <span class='ocr_line' id='line_1_16' title="bbox 572 2139 1901 2242; baseline 0.004 -27"><span class='ocrx_word' id='word_1_137' title='bbox 572 2141 593 2215; x_wconf 91' lang='lat' dir='ltr'>s</span> <span class='ocrx_word' id='word_1_138' title='bbox 633 2141 762 2218; x_wconf 73' lang='lat' dir='ltr'>&amp;atius</span> <span class='ocrx_word' id='word_1_139' title='bbox 779 2141 1016 2242; x_wconf 82' lang='lat' dir='ltr'>sacratiusque</span> <span class='ocrx_word' id='word_1_140' title='bbox 1033 2139 1249 2215; x_wconf 87' lang='lat' dir='ltr'>nihilhabet</span> <span class='ocrx_word' id='word_1_141' title='bbox 1266 2161 1439 2213; x_wconf 86' lang='lat' dir='ltr'>terrarum</span> <span class='ocrx_word' id='word_1_142' title='bbox 1458 2140 1576 2234; x_wconf 90' lang='lat' dir='ltr'>orbis,</span> <span class='ocrx_word' id='word_1_143' title='bbox 1601 2140 1747 2216; x_wconf 86' lang='lat' dir='ltr'>audeam</span> <span class='ocrx_word' id='word_1_144' title='bbox 1766 2142 1901 2233; x_wconf 68' lang='lat' dir='ltr'>verbi&lt;</span> 
     </span>
     <span class='ocr_line' id='line_1_17' title="bbox 589 2235 1958 2338; baseline 0.002 -25"><span class='ocrx_word' id='word_1_145' title='bbox 589 2264 700 2314; x_wconf 86' lang='lat' dir='ltr'>acere.</span> <span class='ocrx_word' id='word_1_146' title='bbox 743 2243 877 2316; x_wconf 87' lang='lat' dir='ltr'>Dicam</span> <span class='ocrx_word' id='word_1_147' title='bbox 904 2240 982 2314; x_wconf 91' lang='lat' dir='ltr'>sane</span> <span class='ocrx_word' id='word_1_148' title='bbox 1006 2239 1140 2337; x_wconf 91' lang='lat' dir='ltr'>aliquid</span> <span class='ocrx_word' id='word_1_149' title='bbox 1164 2235 1410 2332; x_wconf 69' lang='lat' dir='ltr'>intercessisse,</span> <span class='ocrx_word' id='word_1_150' title='bbox 1443 2237 1677 2333; x_wconf 87' lang='lat' dir='ltr'>quamobrem</span> <span class='ocrx_word' id='word_1_151' title='bbox 1703 2262 1773 2338; x_wconf 89' lang='lat' dir='ltr'>ego</span> <span class='ocrx_word' id='word_1_152' title='bbox 1800 2241 1878 2316; x_wconf 82' lang='lat' dir='ltr'>non</span> <span class='ocrx_word' id='word_1_153' title='bbox 1906 2268 1913 2285; x_wconf 73' lang='grc'>·’</span> <span class='ocrx_word' id='word_1_154' title='bbox 1953 2236 1958 2245; x_wconf 80' lang='grc'>’</span> 
     </span>
     <span class='ocr_line' id='line_1_18' title="bbox 571 2334 1877 2434; baseline -0.001 -28"><span class='ocrx_word' id='word_1_155' title='bbox 571 2338 708 2409; x_wconf 82' lang='lat' dir='ltr'>virtute</span> <span class='ocrx_word' id='word_1_156' title='bbox 732 2337 807 2410; x_wconf 89' lang='lat' dir='ltr'>ulla</span> <span class='ocrx_word' id='word_1_157' title='bbox 834 2340 911 2408; x_wconf 86' lang='lat' dir='ltr'>aliis</span> <span class='ocrx_word' id='word_1_158' title='bbox 937 2336 1175 2434; x_wconf 78' lang='lat' dir='ltr'>praepositus,</span> <span class='ocrx_word' id='word_1_159' title='bbox 1199 2336 1257 2409; x_wconf 91' lang='lat' dir='ltr'>sed</span> <span class='ocrx_word' id='word_1_160' title='bbox 1277 2334 1425 2432; x_wconf 91' lang='lat' dir='ltr'>quadam</span> <span class='ocrx_word' id='word_1_161' title='bbox 1441 2335 1665 2433; x_wconf 83' lang='lat' dir='ltr'>superiorum</span> <span class='ocrx_word' id='word_1_162' title='bbox 1684 2357 1762 2411; x_wconf 90' lang='lat' dir='ltr'>tum</span> <span class='ocrx_word' id='word_1_163' title='bbox 1781 2342 1877 2412; x_wconf 68' lang='lat' dir='ltr'>tem‘»</span> 
     </span>
     <span class='ocr_line' id='line_1_19' title="bbox 573 2429 1918 2530; baseline 0.007 -29"><span class='ocrx_word' id='word_1_164' title='bbox 573 2444 726 2526; x_wconf 86' lang='lat' dir='ltr'>porum,</span> <span class='ocrx_word' id='word_1_165' title='bbox 754 2449 838 2505; x_wconf 77' lang='lat' dir='ltr'>,tum</span> <span class='ocrx_word' id='word_1_166' title='bbox 865 2429 1044 2502; x_wconf 69' lang='lat' dir='ltr'>aclionum</span> <span class='ocrx_word' id='word_1_167' title='bbox 1063 2433 1223 2522; x_wconf 89' lang='lat' dir='ltr'>ratione,</span> <span class='ocrx_word' id='word_1_168' title='bbox 1257 2434 1479 2527; x_wconf 87' lang='lat' dir='ltr'>&amp;tanquam</span> <span class='ocrx_word' id='word_1_169' title='bbox 1499 2459 1518 2503; x_wconf 91' lang='lat' dir='ltr'>a</span> <span class='ocrx_word' id='word_1_170' title='bbox 1536 2432 1637 2506; x_wconf 89' lang='lat' dir='ltr'>causa</span> <span class='ocrx_word' id='word_1_171' title='bbox 1654 2435 1726 2530; x_wconf 90' lang='lat' dir='ltr'>ipsa</span> <span class='ocrx_word' id='word_1_172' title='bbox 1743 2435 1876 2525; x_wconf 60' lang='lat' dir='ltr'>invitae</span> <span class='ocrx_word' id='word_1_173' title='bbox 1909 2477 1918 2494; x_wconf 45' lang='lat' dir='ltr'>s</span> 
     </span>
     <span class='ocr_line' id='line_1_20' title="bbox 573 2523 1873 2625; baseline 0.007 -27"><span class='ocrx_word' id='word_1_174' title='bbox 573 2523 630 2599; x_wconf 87' lang='lat' dir='ltr'>rtis</span> <span class='ocrx_word' id='word_1_175' title='bbox 649 2525 790 2619; x_wconf 86' lang='lat' dir='ltr'>videar,</span> <span class='ocrx_word' id='word_1_176' title='bbox 808 2526 871 2625; x_wconf 91' lang='lat' dir='ltr'>qui</span> <span class='ocrx_word' id='word_1_177' title='bbox 889 2526 1025 2621; x_wconf 91' lang='lat' dir='ltr'>primus</span> <span class='ocrx_word' id='word_1_178' title='bbox 1041 2524 1113 2597; x_wconf 93' lang='lat' dir='ltr'>hoc</span> <span class='ocrx_word' id='word_1_179' title='bbox 1130 2524 1304 2596; x_wconf 70' lang='lat' dir='ltr'>conflidu</span> <span class='ocrx_word' id='word_1_180' title='bbox 1325 2527 1436 2599; x_wconf 91' lang='lat' dir='ltr'>telum</span> <span class='ocrx_word' id='word_1_181' title='bbox 1449 2531 1602 2621; x_wconf 79' lang='lat' dir='ltr'>jaciam,</span> <span class='ocrx_word' id='word_1_182' title='bbox 1622 2529 1873 2608; x_wconf 71' lang='lat' dir='ltr'>&amp;sacrosancti</span> 
     </span>
     <span class='ocr_line' id='line_1_21' title="bbox 573 2619 1874 2717; baseline 0.008 -22"><span class='ocrx_word' id='word_1_183' title='bbox 573 2619 817 2697; x_wconf 88' lang='lat' dir='ltr'>Lateranensrs</span> <span class='ocrx_word' id='word_1_184' title='bbox 841 2621 991 2695; x_wconf 91' lang='lat' dir='ltr'>concilii</span> <span class='ocrx_word' id='word_1_185' title='bbox 1015 2619 1169 2717; x_wconf 88' lang='lat' dir='ltr'>auspicia</span> <span class='ocrx_word' id='word_1_186' title='bbox 1195 2622 1344 2715; x_wconf 90' lang='lat' dir='ltr'>capiam.</span> <span class='ocrx_word' id='word_1_187' title='bbox 1390 2623 1488 2692; x_wconf 90' lang='lat' dir='ltr'>Nam</span> <span class='ocrx_word' id='word_1_188' title='bbox 1515 2648 1598 2695; x_wconf 90' lang='lat' dir='ltr'>cum</span> <span class='ocrx_word' id='word_1_189' title='bbox 1626 2629 1724 2701; x_wconf 87' lang='lat' dir='ltr'>annis</span> <span class='ocrx_word' id='word_1_190' title='bbox 1742 2629 1874 2705; x_wconf 87' lang='lat' dir='ltr'>abhinc</span> 
     </span>
     <span class='ocr_line' id='line_1_22' title="bbox 572 2717 1873 2819; baseline 0.005 -25"><span class='ocrx_word' id='word_1_191' title='bbox 572 2722 720 2795; x_wconf 87' lang='lat' dir='ltr'>circiter</span> <span class='ocrx_word' id='word_1_192' title='bbox 735 2721 889 2819; x_wconf 87' lang='lat' dir='ltr'>viginti,</span> <span class='ocrx_word' id='word_1_193' title='bbox 915 2739 1088 2815; x_wconf 81' lang='lat' dir='ltr'>quantum</span> <span class='ocrx_word' id='word_1_194' title='bbox 1106 2719 1218 2790; x_wconf 89' lang='lat' dir='ltr'>inme</span> <span class='ocrx_word' id='word_1_195' title='bbox 1237 2717 1327 2810; x_wconf 74' lang='lat' dir='ltr'>fuit,</span> <span class='ocrx_word' id='word_1_196' title='bbox 1347 2717 1384 2791; x_wconf 72' lang='grc' dir='ltr'>ὃ(</span> <span class='ocrx_word' id='word_1_197' title='bbox 1404 2720 1612 2815; x_wconf 77' lang='lat' dir='ltr'>perexiguae</span> <span class='ocrx_word' id='word_1_198' title='bbox 1629 2722 1721 2795; x_wconf 90' lang='lat' dir='ltr'>vires</span> <span class='ocrx_word' id='word_1_199' title='bbox 1738 2727 1873 2819; x_wconf 89' lang='lat' dir='ltr'>tulere,</span> 
     </span>
     <span class='ocr_line' id='line_1_23' title="bbox 570 2813 1872 2918; baseline 0.003 -26"><span class='ocrx_word' id='word_1_200' title='bbox 570 2818 756 2918; x_wconf 86' lang='lat' dir='ltr'>evangelia</span> <span class='ocrx_word' id='word_1_201' title='bbox 779 2817 924 2916; x_wconf 91' lang='lat' dir='ltr'>populis</span> <span class='ocrx_word' id='word_1_202' title='bbox 941 2819 1193 2915; x_wconf 87' lang='lat' dir='ltr'>interpretatus</span> <span class='ocrx_word' id='word_1_203' title='bbox 1213 2813 1299 2907; x_wconf 85' lang='lat' dir='ltr'>fim,</span> <span class='ocrx_word' id='word_1_204' title='bbox 1328 2813 1583 2911; x_wconf 86' lang='lat' dir='ltr'>prophetarum</span> <span class='ocrx_word' id='word_1_205' title='bbox 1601 2818 1771 2891; x_wconf 88' lang='lat' dir='ltr'>vaticinia</span> <span class='ocrx_word' id='word_1_206' title='bbox 1788 2846 1872 2917; x_wconf 85' lang='lat' dir='ltr'>ape·</span> 
     </span>
     <span class='ocr_line' id='line_1_24' title="bbox 571 2909 1872 3012; baseline 0.002 -23"><span class='ocrx_word' id='word_1_207' title='bbox 571 2911 1365 3012; x_wconf 82' lang='lat' dir='ltr'>ruerim,JoannisApocalypsrmdesuccessu</span> <span class='ocrx_word' id='word_1_208' title='bbox 1378 2909 1751 3005; x_wconf 85' lang='lat' dir='ltr'>Ecclesrae,universae</span> <span class='ocrx_word' id='word_1_209' title='bbox 1761 2914 1872 2992; x_wconf 86' lang='lat' dir='ltr'>ferme</span> 
     </span>
     <span class='ocr_line' id='line_1_25' title="bbox 573 3009 1872 3110; baseline 0.005 -26"><span class='ocrx_word' id='word_1_210' title='bbox 573 3014 689 3085; x_wconf 87' lang='lat' dir='ltr'>ltaliae</span> <span class='ocrx_word' id='word_1_211' title='bbox 712 3015 972 3106; x_wconf 67' lang='lat' dir='ltr'>enarraverint,</span> <span class='ocrx_word' id='word_1_212' title='bbox 1005 3038 1047 3086; x_wconf 89' lang='lat' dir='ltr'>ac</span> <span class='ocrx_word' id='word_1_213' title='bbox 1065 3011 1311 3109; x_wconf 84' lang='lat' dir='ltr'>saepenumero</span> <span class='ocrx_word' id='word_1_214' title='bbox 1328 3009 1600 3103; x_wconf 87' lang='lat' dir='ltr'>affirmaverim,</span> <span class='ocrx_word' id='word_1_215' title='bbox 1625 3013 1765 3110; x_wconf 90' lang='lat' dir='ltr'>eosqui</span> <span class='ocrx_word' id='word_1_216' title='bbox 1783 3019 1872 3090; x_wconf 85' lang='lat' dir='ltr'>tunc</span> 
     </span>
     <span class='ocr_line' id='line_1_26' title="bbox 570 3107 1874 3209; baseline 0.007 -28"><span class='ocrx_word' id='word_1_217' title='bbox 570 3109 779 3201; x_wconf 84' lang='lat' dir='ltr'>audiebant,</span> <span class='ocrx_word' id='word_1_218' title='bbox 798 3113 960 3209; x_wconf 88' lang='lat' dir='ltr'>ingentes</span> <span class='ocrx_word' id='word_1_219' title='bbox 972 3108 1146 3184; x_wconf 86' lang='lat' dir='ltr'>Ecclcsrae</span> <span class='ocrx_word' id='word_1_220' title='bbox 1157 3110 1393 3208; x_wconf 86' lang='lat' dir='ltr'>agitationes,</span> <span class='ocrx_word' id='word_1_221' title='bbox 1408 3109 1446 3182; x_wconf 69' lang='grc' dir='ltr'>ὅ(</span> <span class='ocrx_word' id='word_1_222' title='bbox 1456 3107 1741 3204; x_wconf 86' lang='lat' dir='ltr'>cladesvisuros,</span> <span class='ocrx_word' id='word_1_223' title='bbox 1757 3111 1874 3191; x_wconf 82' lang='lat' dir='ltr'>illius-</span> 
     </span>
     <span class='ocr_line' id='line_1_27' title="bbox 571 3205 1873 3307; baseline 0.005 -27"><span class='ocrx_word' id='word_1_224' title='bbox 571 3231 640 3305; x_wconf 89' lang='lat' dir='ltr'>que</span> <span class='ocrx_word' id='word_1_225' title='bbox 665 3208 952 3282; x_wconf 90' lang='lat' dir='ltr'>emendationem</span> <span class='ocrx_word' id='word_1_226' title='bbox 970 3207 1162 3307; x_wconf 86' lang='lat' dir='ltr'>aliquando</span> <span class='ocrx_word' id='word_1_227' title='bbox 1179 3205 1453 3302; x_wconf 69' lang='lat' dir='ltr'>conspesburos,</span> <span class='ocrx_word' id='word_1_228' title='bbox 1477 3230 1574 3280; x_wconf 91' lang='lat' dir='ltr'>nunc</span> <span class='ocrx_word' id='word_1_229' title='bbox 1592 3231 1656 3304; x_wconf 86' lang='lat' dir='ltr'>par</span> <span class='ocrx_word' id='word_1_230' title='bbox 1672 3206 1741 3305; x_wconf 81' lang='lat' dir='ltr'>else</span> <span class='ocrx_word' id='word_1_231' title='bbox 1757 3211 1873 3288; x_wconf 80' lang='lat' dir='ltr'>visum</span> 
     </span>
     <span class='ocr_line' id='line_1_28' title="bbox 570 3301 1872 3405; baseline 0.007 -27"><span class='ocrx_word' id='word_1_232' title='bbox 570 3304 644 3396; x_wconf 88' lang='lat' dir='ltr'>est,</span> <span class='ocrx_word' id='word_1_233' title='bbox 663 3327 704 3378; x_wconf 93' lang='lat' dir='ltr'>ut</span> <span class='ocrx_word' id='word_1_234' title='bbox 722 3307 784 3400; x_wconf 94' lang='lat' dir='ltr'>qui</span> <span class='ocrx_word' id='word_1_235' title='bbox 804 3308 882 3379; x_wconf 89' lang='lat' dir='ltr'>haec</span> <span class='ocrx_word' id='word_1_236' title='bbox 902 3307 1039 3379; x_wconf 88' lang='lat' dir='ltr'>dixerat</span> <span class='ocrx_word' id='word_1_237' title='bbox 1056 3323 1227 3397; x_wconf 89' lang='lat' dir='ltr'>ventura,</span> <span class='ocrx_word' id='word_1_238' title='bbox 1245 3304 1339 3377; x_wconf 89' lang='lat' dir='ltr'>idem</span> <span class='ocrx_word' id='word_1_239' title='bbox 1357 3301 1489 3377; x_wconf 81' lang='lat' dir='ltr'>venisse</span> <span class='ocrx_word' id='word_1_240' title='bbox 1507 3305 1676 3400; x_wconf 87' lang='lat' dir='ltr'>testetur,</span> <span class='ocrx_word' id='word_1_241' title='bbox 1693 3308 1872 3405; x_wconf 57' lang='lat' dir='ltr'>&amp;quitos</span> 
     </span>
     <span class='ocr_line' id='line_1_29' title="bbox 572 3404 1873 3504; baseline 0.006 -28"><span class='ocrx_word' id='word_1_242' title='bbox 572 3406 637 3476; x_wconf 88' lang='lat' dir='ltr'>ties</span> <span class='ocrx_word' id='word_1_243' title='bbox 663 3405 945 3495; x_wconf 82' lang='lat' dir='ltr'>exclamaverat,</span> <span class='ocrx_word' id='word_1_244' title='bbox 970 3409 1130 3478; x_wconf 84' lang='lat' dir='ltr'>viderunt</span> <span class='ocrx_word' id='word_1_245' title='bbox 1146 3407 1232 3477; x_wconf 83' lang='lat' dir='ltr'>oculi</span> <span class='ocrx_word' id='word_1_246' title='bbox 1247 3408 1312 3477; x_wconf 86' lang='lat' dir='ltr'>mei</span> <span class='ocrx_word' id='word_1_247' title='bbox 1319 3404 1494 3500; x_wconf 68' lang='lat' dir='ltr'>fossataria</span> <span class='ocrx_word' id='word_1_248' title='bbox 1510 3419 1676 3497; x_wconf 83' lang='lat' dir='ltr'>tempora,</span> <span class='ocrx_word' id='word_1_249' title='bbox 1688 3407 1773 3504; x_wconf 74' lang='lat' dir='ltr'>jam</span> <span class='ocrx_word' id='word_1_250' title='bbox 1792 3429 1873 3484; x_wconf 84' lang='lat' dir='ltr'>tan·</span> 
     </span>
     <span class='ocr_line' id='line_1_30' title="bbox 570 3502 1873 3599; baseline 0.008 -26"><span class='ocrx_word' id='word_1_251' title='bbox 570 3503 652 3575; x_wconf 90' lang='lat' dir='ltr'>dem</span> <span class='ocrx_word' id='word_1_252' title='bbox 671 3502 870 3576; x_wconf 87' lang='lat' dir='ltr'>exclamet:</span> <span class='ocrx_word' id='word_1_253' title='bbox 890 3504 1047 3576; x_wconf 85' lang='lat' dir='ltr'>viderunt</span> <span class='ocrx_word' id='word_1_254' title='bbox 1065 3507 1149 3577; x_wconf 83' lang='lat' dir='ltr'>oculi</span> <span class='ocrx_word' id='word_1_255' title='bbox 1160 3506 1224 3575; x_wconf 83' lang='lat' dir='ltr'>mei</span> <span class='ocrx_word' id='word_1_256' title='bbox 1226 3503 1384 3599; x_wconf 80' lang='lat' dir='ltr'>salutare</span> <span class='ocrx_word' id='word_1_257' title='bbox 1388 3502 1601 3598; x_wconf 65' lang='lat' dir='ltr'>sauciumque</span> <span class='ocrx_word' id='word_1_258' title='bbox 1603 3505 1873 3599; x_wconf 66' lang='lat' dir='ltr'>principium·</span> 
     </span>
    </p>
   </div>
   <div class='ocr_carea' id='block_1_5' title="bbox 558 3585 2009 3699">
    <p class='ocr_par' dir='ltr' id='par_1_5' title="bbox 558 3585 2009 3699">
     <span class='ocr_line' id='line_1_31' title="bbox 558 3585 2009 3699; baseline 0.006 -26"><span class='ocrx_word' id='word_1_259' title='bbox 558 3601 994 3695; x_wconf 70' lang='lat' dir='ltr'>spesiataeinstaurationis·</span> <span class='ocrx_word' id='word_1_260' title='bbox 1014 3600 1133 3672; x_wconf 88' lang='lat' dir='ltr'>Modo</span> <span class='ocrx_word' id='word_1_261' title='bbox 1144 3596 1251 3692; x_wconf 77' lang='lat' dir='ltr'>adsis,</span> <span class='ocrx_word' id='word_1_262' title='bbox 1267 3598 1363 3672; x_wconf 85' lang='lat' dir='ltr'>orbis</span> <span class='ocrx_word' id='word_1_263' title='bbox 1373 3596 1602 3692; x_wconf 86' lang='lat' dir='ltr'>instaurator,</span> <span class='ocrx_word' id='word_1_264' title='bbox 1619 3601 1733 3675; x_wconf 89' lang='lat' dir='ltr'>divini</span> <span class='ocrx_word' id='word_1_265' title='bbox 1743 3609 1875 3699; x_wconf 62' lang='lat' dir='ltr'>paren-³</span> <span class='ocrx_word' id='word_1_266' title='bbox 1926 3673 1930 3680; x_wconf 83' lang='grc'><em>.</em></span> <span class='ocrx_word' id='word_1_267' title='bbox 2003 3585 2009 3609; x_wconf 62' lang='grc'><em>’</em></span> 
     </span>
    </p>
   </div>
   <div class='ocr_carea' id='block_1_6' title="bbox 517 3695 1869 4191">
    <p class='ocr_par' dir='ltr' id='par_1_6' title="bbox 517 3695 1869 4191">
     <span class='ocr_line' id='line_1_32' title="bbox 570 3695 1869 3794; baseline 0.006 -25"><span class='ocrx_word' id='word_1_268' title='bbox 570 3699 614 3769; x_wconf 91' lang='lat' dir='ltr'>tis</span> <span class='ocrx_word' id='word_1_269' title='bbox 632 3699 769 3794; x_wconf 88' lang='lat' dir='ltr'>proles,</span> <span class='ocrx_word' id='word_1_270' title='bbox 797 3701 985 3788; x_wconf 84' lang='lat' dir='ltr'>Servator,</span> <span class='ocrx_word' id='word_1_271' title='bbox 1010 3696 1269 3794; x_wconf 89' lang='lat' dir='ltr'>sospitatorque</span> <span class='ocrx_word' id='word_1_272' title='bbox 1287 3697 1514 3789; x_wconf 87' lang='lat' dir='ltr'>mortalium,</span> <span class='ocrx_word' id='word_1_273' title='bbox 1540 3695 1672 3793; x_wconf 90' lang='lat' dir='ltr'>desque</span> <span class='ocrx_word' id='word_1_274' title='bbox 1688 3702 1762 3773; x_wconf 90' lang='lat' dir='ltr'>vim</span> <span class='ocrx_word' id='word_1_275' title='bbox 1780 3705 1869 3777; x_wconf 91' lang='lat' dir='ltr'>mihi</span> 
     </span>
     <span class='ocr_line' id='line_1_33' title="bbox 571 3794 1868 3894; baseline 0.006 -29"><span class='ocrx_word' id='word_1_276' title='bbox 571 3794 712 3868; x_wconf 87' lang='lat' dir='ltr'>dicendi</span> <span class='ocrx_word' id='word_1_277' title='bbox 723 3798 875 3868; x_wconf 89' lang='lat' dir='ltr'>orationi</span> <span class='ocrx_word' id='word_1_278' title='bbox 887 3797 1157 3887; x_wconf 85' lang='lat' dir='ltr'>commovendi,</span> <span class='ocrx_word' id='word_1_279' title='bbox 1177 3794 1338 3889; x_wconf 89' lang='lat' dir='ltr'>patribus</span> <span class='ocrx_word' id='word_1_280' title='bbox 1347 3819 1419 3867; x_wconf 92' lang='lat' dir='ltr'>non</span> <span class='ocrx_word' id='word_1_281' title='bbox 1428 3796 1559 3886; x_wconf 89' lang='lat' dir='ltr'>verbis,</span> <span class='ocrx_word' id='word_1_282' title='bbox 1568 3794 1624 3869; x_wconf 90' lang='lat' dir='ltr'>sed</span> <span class='ocrx_word' id='word_1_283' title='bbox 1635 3795 1708 3894; x_wconf 86' lang='lat' dir='ltr'>ipsa</span> <span class='ocrx_word' id='word_1_284' title='bbox 1718 3822 1769 3890; x_wconf 90' lang='lat' dir='ltr'>re,</span> <span class='ocrx_word' id='word_1_285' title='bbox 1780 3803 1868 3894; x_wconf 88' lang='lat' dir='ltr'>veri,</span> 
     </span>
     <span class='ocr_line' id='line_1_34' title="bbox 569 3889 1868 3986; baseline 0.008 -25"><span class='ocrx_word' id='word_1_286' title='bbox 569 3889 700 3984; x_wconf 67' lang='lat' dir='ltr'>saneti,</span> <span class='ocrx_word' id='word_1_287' title='bbox 718 3892 833 3964; x_wconf 65' lang='lat' dir='ltr'>exadi</span> <span class='ocrx_word' id='word_1_288' title='bbox 852 3894 999 3966; x_wconf 91' lang='lat' dir='ltr'>concilii</span> <span class='ocrx_word' id='word_1_289' title='bbox 1016 3893 1241 3985; x_wconf 87' lang='lat' dir='ltr'>celebrandi,</span> <span class='ocrx_word' id='word_1_290' title='bbox 1259 3892 1351 3964; x_wconf 88' lang='lat' dir='ltr'>extir</span> <span class='ocrx_word' id='word_1_291' title='bbox 1378 3893 1460 3965; x_wconf 90' lang='lat' dir='ltr'>andi</span> <span class='ocrx_word' id='word_1_292' title='bbox 1477 3895 1586 3986; x_wconf 85' lang='lat' dir='ltr'>vitia,</span> <span class='ocrx_word' id='word_1_293' title='bbox 1605 3897 1756 3967; x_wconf 88' lang='lat' dir='ltr'>virtutes</span> <span class='ocrx_word' id='word_1_294' title='bbox 1766 3901 1868 3973; x_wconf 78' lang='lat' dir='ltr'>exci-</span> 
     </span>
     <span class='ocr_line' id='line_1_35' title="bbox 517 3918 1868 4089; baseline 0.012 -34"><span class='ocrx_word' id='word_1_295' title='bbox 517 4035 519 4041; x_wconf 68' lang='lat'>,</span> <span class='ocrx_word' id='word_1_296' title='bbox 571 3988 686 4077; x_wconf 88' lang='lat' dir='ltr'>tandi,</span> <span class='ocrx_word' id='word_1_297' title='bbox 700 3989 742 4057; x_wconf 88' lang='lat' dir='ltr'>ad</span> <span class='ocrx_word' id='word_1_298' title='bbox 753 3992 897 4088; x_wconf 87' lang='lat' dir='ltr'>vulpes,</span> <span class='ocrx_word' id='word_1_299' title='bbox 911 4016 992 4089; x_wconf 81' lang='lat' dir='ltr'>quae</span> <span class='ocrx_word' id='word_1_300' title='bbox 1002 3988 1151 4064; x_wconf 67' lang='lat' dir='ltr'>sannam</span> <span class='ocrx_word' id='word_1_301' title='bbox 1164 3918 1423 4064; x_wconf 77' lang='lat' dir='ltr'>demoliendam</span> <span class='ocrx_word' id='word_1_302' title='bbox 1435 3992 1571 4064; x_wconf 88' lang='lat' dir='ltr'>vineam</span> <span class='ocrx_word' id='word_1_303' title='bbox 1583 3991 1648 4063; x_wconf 89' lang='lat' dir='ltr'>hac</span> <span class='ocrx_word' id='word_1_304' title='bbox 1659 3990 1868 4088; x_wconf 83' lang='lat' dir='ltr'>tempestate</span> 
     </span>
     <span class='ocr_line' id='line_1_36' title="bbox 569 4080 1868 4191; baseline 0.008 -35"><span class='ocrx_word' id='word_1_305' title='bbox 569 4080 962 4182; x_wconf 87' lang='lat' dir='ltr'>scatent,capiendi,ac</span> <span class='ocrx_word' id='word_1_306' title='bbox 972 4088 1125 4187; x_wconf 86' lang='lat' dir='ltr'>denique</span> <span class='ocrx_word' id='word_1_307' title='bbox 1134 4086 1323 4184; x_wconf 88' lang='lat' dir='ltr'>collapsam</span> <span class='ocrx_word' id='word_1_308' title='bbox 1333 4090 1868 4191; x_wconf 84' lang='lat' dir='ltr'>religioneminvetetempuri·</span> 
     </span>
    </p>
   </div>
   <div class='ocr_carea' id='block_1_7' title="bbox 1736 4207 1869 4288">
    <p class='ocr_par' dir='ltr' id='par_1_7' title="bbox 1736 4207 1869 4288">
     <span class='ocr_line' id='line_1_37' title="bbox 1736 4207 1869 4288; baseline 0.053 -28"><span class='ocrx_word' id='word_1_309' title='bbox 1736 4207 1869 4288; x_wconf 90' lang='lat' dir='ltr'>tatem,</span> 
     </span>
    </p>
   </div>
   <div class='ocr_carea' id='block_1_8' title="bbox 0 0 2446 5042">
    <p class='ocr_par' dir='ltr' id='par_1_8' title="bbox 0 0 2446 5042">
     <span class='ocr_line' id='line_1_38' title="bbox 0 0 2446 5042; baseline 0 3"><span class='ocrx_word' id='word_1_310' title='bbox 0 0 2446 5042; x_wconf 95' lang='lat' dir='ltr'> </span> 
     </span>
    </p>
   </div>
  </div>
 </body>
</html>
