4884 5042
989 558 1122 654 (tos)

528 707 695 786 fraude&
715 707 797 782 dolo
809 703 931 781 habere
942 705 1076 781 debent.
1125 700 1322 779 Subtemen
1334 703 1587 780 conditionibus

527 807 623 903 prius
642 803 756 903 positis
778 805 868 876 circa
878 803 957 876 alias
969 804 1006 876 ὅ(
1024 801 1152 899 priores
1168 801 1439 898 compofitioncs.

577 900 625 974 Et
639 899 801 999 quoniam
815 900 1045 982 antecedenter
1059 897 1101 969 de
1120 895 1289 992 impeditis
1306 894 1438 968 dietum
1456 894 1505 968 est
1528 895 1587 968 de·
1679 908 1719 974 66
1825 988 1829 991 =

527 994 695 1069 claramus
751 1017 766 1063 r
779 992 943 1089 presentes
957 990 1136 1086 impeditos
1146 991 1211 1063 esse
1227 991 1380 1088 captivos
1394 1013 1526 1079 omnes,
1547 1014 1586 1062 ac
1598 991 1666 1089 Qui
1679 987 1813 1090 censen·

529 1086 676 1164 vinculis
716 1108 856 1159 etentos.
879 1085 1032 1181 personas
1049 1087 1158 1180 partui
1178 1087 1303 1159 vicinas
1319 1105 1378 1157 aut
1396 1084 1506 1182 proles
1523 1107 1585 1155 nu·
1597 1075 1812 1159 turrmpedttt.

530 1183 674 1259 triendas
694 1179 821 1277 quibus
840 1179 948 1252 abesse
964 1202 1032 1251 non
1051 1179 1187 1275 possunt
1205 1180 1376 1253 habentes-
1424 1182 1508 1252 ltem
1530 1200 1588 1254 cos

531 1278 593 1374 qui
610 1295 749 1373 propter
763 1274 967 1361 inimicitias,
982 1275 1153 1363 bannum,
1176 1275 1230 1345 vel
1247 1275 1324 1347 alias
1337 1275 1458 1346 timore
1472 1269 1590 1344 mortis

529 1391 589 1443 aut
601 1368 743 1469 periculi
760 1367 891 1466 magni,
903 1370 1018 1441 locum
1032 1367 1316 1468 indulgentiarum
1335 1391 1398 1440 nec
1411 1367 1522 1441 valent
1532 1385 1591 1439 aut

530 1469 655 1540 audent
671 1464 838 1537 accedere.
1184 1485 1194 1518 t

581 1561 667 1633 Item
686 1556 841 1629 mulieres
857 1556 959 1653 conju
1005 1576 1050 1629 tas
1075 1556 1203 1654 quibus
1233 1579 1287 1628 me
1319 1555 1480 1629 consensu
1502 1555 1589 1647 viri,

532 1654 571 1728 ὃ(
596 1653 686 1725 filios
709 1674 748 1722 ac
773 1649 859 1721 filias
881 1649 960 1720 sami
977 1654 1020 1722 ias
1047 1650 1173 1746 quibus
1190 1648 1318 1746 absque
1337 1651 1511 1723 voluntate
1532 1676 1591 1747 pa·

533 1768 667 1820 rentum
685 1746 778 1816 abire
805 1767 872 1814 non
903 1744 1001 1816 licet:
1038 1747 1138 1816 Senes
1167 1743 1446 1833 valetudinarios,
1466 1747 1589 1819 divinis
1700 1833 1708 1837 ,

532 1864 591 1914 aut
613 1838 767 1913 humanis
789 1836 928 1909 servitiis
941 1837 1147 1934 implicatos:
1172 1839 1208 1910 ὅ(
1228 1837 1458 1910 universaliter
1474 1863 1592 1912 omnes

533 1934 661 2031 quibus
680 1933 816 2032 dejure
843 1933 896 2002 vel
926 1930 1017 2005 sasto
1037 1932 1238 2028 peregrinari
1265 1932 1445 2006 nonlicet.
1493 1936 1589 2005 Cum

562 2028 671 2102 refatis
687 2027 850 2102 omnibus
867 2025 1047 2122 dispensari
1071 2026 1180 2121 potest
1201 2050 1260 2123 per
1273 2024 1590 2120 Subcommiffarios

534 2054 573 2198 b
593 2121 844 2196 Penitentiarios
855 2125 896 2194 ne
906 2120 948 2193 ad
960 2119 1173 2194 ecclesiarum
1188 2141 1248 2193 aut
1262 2118 1417 2192 altarium
1431 2121 1597 2218 visitatio·v

534 2242 613 2291 nem
635 2217 842 2317 obligentur.

585 2313 717 2384 sivero
735 2310 852 2404 prefati
865 2334 980 2383 omnes
992 2334 1051 2406 per
1069 2310 1100 2383 se
1117 2310 1205 2405 ipsos
1226 2309 1495 2385 contributiones
1518 2310 1589 2383 suas
1684 2316 1724 2390 67

536 2405 572 2475 in
585 2404 681 2474 cistas
696 2404 862 2473 ordinatas
880 2430 943 2498 pro
954 2404 1044 2475 dicla
1058 2403 1182 2475 fabrica
1195 2403 1299 2475 sancii
1312 2406 1403 2477 Petri
1417 2406 1589 2502 imponere
1603 2389 1766 2477 impositio

537 2519 606 2568 non
624 2493 777 2590 possunt:
804 2513 887 2565 tunc
899 2498 1046 2590 petalias
1063 2499 1216 2590 personas
1228 2496 1296 2568 fide
1308 2496 1424 2593 dignas
1441 2523 1493 2570 eas
1511 2495 1777 2582 &ciperanum

536 2609 594 2664 ant
611 2587 767 2685 imponi:
798 2586 847 2657 lta
875 2607 985 2660 tamen
1006 2588 1101 2684 quod
1120 2589 1315 2659 mandatarii
1337 2590 1532 2663 hu'usmodi
1555 2592 1589 2663 in
1601 2563 1814 2636 'mmmm'

536 2684 690 2757 fraudem
708 2707 749 2753 ne
774 2678 834 2752 otii
850 2682 949 2753 talem
967 2679 1214 2777 impositionem
1231 2705 1300 2752 non
1318 2680 1351 2752 di
1379 2705 1494 2758 erant:
1529 2659 1684 2754 subrum'

537 2777 708 2853 censuris:
739 2704 903 2848 sententiis
930 2774 1088 2873 &penis
1111 2777 1144 2846 in
1166 2775 1269 2846 literis
1289 2777 1481 2870 apostolicis
1498 2777 1588 2849 latis:
1605 2796 1820 2867 penamanda.

490 2917 492 2920 ·
539 2897 624 2971 quas
642 2871 687 2943 stc
702 2868 889 2944 differentes
906 2870 973 2945 line
998 2868 1233 2969 urgentiffimis
1259 2869 1387 2943 caufis:
1411 2870 1484 2965 ipso
1501 2868 1768 2951 fastotariorum.

539 2969 712 3040 incurrere
730 2966 905 3037 volumus:
926 2968 1083 3063 aquibus
1094 2959 1192 3037 etiam
1206 2989 1274 3036 non
1287 2965 1345 3036 nisi
1404 2988 1420 3035 r
1436 2961 1594 3035 sanctissi-

539 3085 637 3133 mum
650 3061 828 3132 dominum
842 3060 994 3132 nostrum
1011 3063 1152 3156 Papam:
1172 3080 1230 3132 aut
1245 3084 1307 3131 nos
1322 3085 1362 3133 ve
1380 3057 1526 3132 nostros
1536 3081 1594 3159 ge·

540 3155 667 3229 nerales
685 3155 1002 3227 Subcommissarios
1024 3153 1152 3226 absolvi
1164 3174 1336 3249 poterunt.

591 3251 675 3321 Item
688 3249 895 3321 declaramus
913 3252 948 3322 &
969 3249 1145 3321 statuimus
1160 3249 1255 3346 quod
1280 3247 1448 3347 Religiosi
1470 3247 1593 3321 utrius·
1623 3269 1645 3338 b
1689 3273 1728 3340 ⁶3

540 3369 609 3444 que
621 3344 718 3414 sexus
728 3366 845 3414 omnes
856 3365 921 3416 tam
937 3345 1160 3416 mendicantes
1171 3367 1274 3442 quam
1289 3367 1357 3414 non
1370 3345 1594 3418 mendicantes
1604 3355 1782 3440 Quomodo

541 3441 575 3512 in
588 3436 662 3510 casu
677 3460 747 3533 quo
764 3435 913 3532 ipsorum
928 3437 1111 3534 superiores
1129 3438 1390 3536 contempserint
1405 3461 1464 3511 aut
1480 3463 1503 3509 n
1548 3437 1578 3510 le
1603 3440 1742 3521 religios
1772 3444 1822 3509 in.

542 3533 670 3619 xerint,
695 3530 770 3602 istas
788 3532 1064 3630 indulgentias&
1081 3531 1254 3606 facultates
1275 3461 1590 3605 nobiscomntisbs:
1603 3521 1785 3670 duffeffllss
1816 3568 1818 3574 ·

542 3654 606 3727 pro
619 3627 650 3698 se
662 3650 701 3697 ac
716 3626 855 3699 subditis
867 3626 932 3696 suis
948 3626 1111 3698 redimere
1129 3627 1183 3699 vel
1201 3650 1402 3724 procurare:
1430 3626 1647 3724 quatenusl'0
1675 3622 1825 3674 mem·

542 3748 591 3796 ets
607 3721 899 3794 inConventibtts
916 3720 970 3792 seu
988 3722 1194 3793 monasteriis
1212 3721 1446 3818 perfruantur:
1474 3687 1703 3820 poffimseqffl·

492 3833 496 3838 ’
541 3818 673 3923 siquid
687 3816 1004 3888 'ustum'habuerint
1014 3816 1240 3889 contribuere.
1291 3817 1336 3887 Et
1355 3815 1474 3890 finihrl
1488 3818 1580 3890 habu
1607 3770 1825 3936 &griffinu-

543 3933 628 3984 crint
645 3933 710 3981 tae
727 3932 808 3982 tunc
823 3931 982 4006 poterunt
998 3935 1016 3981 a
1032 3910 1297 4017 quibuscunque
1314 3911 1518 3985 secularibus
1543 3915 1596 3983 vel
1608 3935 1822 4002 tributionem

547 4002 773 4101 spiritualibus
794 4005 942 4103 personis
965 4030 1135 4174 proprrap)
1134 4029 1291 4101 pecunias
1307 4004 1509 4120 habentibus
1532 4008 1594 4078 eleo
1609 4017 1800 4086 mendicare.

544 4151 553 4158 ,
573 4142 576 4149 .
1527 4125 1600 4175 mo·
