4884 5042
580 575 646 639 162
805 536 1673 630 HISTORIAAEVANGELII

546 695 548 700 ·
578 672 762 768 Luth'eri,
798 671 838 748 δί
863 667 1127 764 Veritatis-'per
1151 662 1265 760 ipsum
1285 682 1442 759 renatae,
1473 666 1612 740 Fautor
1637 668 1770 767 pariter
1786 689 1895 770 atque

582 794 775 874 promotor
792 765 1014 868 splendidus.
1063 763 1199 837 Tantae
1223 784 1311 834 uero
1338 764 1446 835 etiam
1474 766 1703 840 authoritatis
1720 771 1816 867 apud
1836 775 1892 870 ip·

582 874 637 947 sos
657 869 864 947 Germaniae
883 865 1089 961 Principes,
1113 880 1157 933 ut
1171 859 1208 933 hi
1225 859 1409 934 beneficiis
1431 860 1494 935 fibi
1511 863 1614 937 illum
1634 865 1808 941 demereri
1820 868 1895 941 stu·

584 972 711 1045 derent
728 966 827 1042 omni
843 963 942 1057 nisu,
969 958 1146 1060 stipendia
1161 958 1305 1052 dantes,
1331 959 1493 1057 nihilque
1512 986 1586 1035 non
1602 961 1796 1060 facientes,
1822 992 1896 1066 quo

585 1069 688 1142 illum
707 1067 856 1166 quisque
873 1064 911 1134 in
928 1059 987 1132 sua
1004 1057 1227 1157 pertraheret
1243 1078 1342 1130 vota.
1377 1057 1480 1153 Qrid
1500 1060 1637 1134 multa?
1664 1063 1829 1138 Fortuna
1849 1065 1897 1138 lic

585 1168 619 1241 ei
644 1167 777 1259 dicitur
800 1156 946 1252 favisse,
970 1172 1015 1230 ut
1039 1155 1196 1248 suerint,
1231 1157 1294 1254 qui
1321 1154 1600 1253 dubitaverunt,
1633 1184 1678 1233 an
1704 1163 1899 1236 Germania

585 1261 698 1361 usque
723 1260 766 1333 ad
791 1257 886 1347 illud
917 1275 1062 1345 temus
1085 1252 1130 1326 de
1155 1254 1366 1336 Nobilitate
1389 1270 1495 1354 quem
1526 1258 1594 1330 iam
1614 1258 1801 1354 habuerit,
1836 1262 1900 1358 qui

588 1384 673 1435 cum
691 1354 971 1453 FRANclsc
1032 1354 1126 1446 hoc,
1161 1352 1387 1453 autopibus,
1420 1373 1483 1426 aut
1497 1281 1717 1452 honoribus,
1751 1378 1814 1432 aut
1829 1361 1901 1432 eti·
1955 1418 1956 1421 ,

586 1461 643 1533 am
670 1457 798 1531 favore⁴
818 1451 1039 1551 comparari,
1067 1448 1206 1524 'nedum
1234 1450 1397 1551 praeferri
1422 1453 1455 1524 ei
1482 1453 1674 1551 potuisset,
1710 1455 1901 1530 fisortuna

589 1559 644 1630 uti
673 1553 838 1629 novisset.
870 1553 917 1643 (ι)
969 1551 1058 1623 Erat
1083 1551 1113 1622 is
1134 1566 1237 1624 natus
1264 1551 1312 1623 A.
1336 1550 1440 1647 1481.
1467 1576 1512 1627 ex
1535 1553 1649 1627 nobili
1675 1556 1902 1657 Siclgngorum

588 1655 634 1728 ad
649 1655 824 1728 Rhenum
843 1652 896 1746 (h)
918 1647 1073 1743 familia,
1099 1673 1257 1748 cumque
1272 1650 1311 1723 in
1328 1650 1428 1723 omni
1446 1673 1578 1749 genere
1599 1653 1776 1727 virtutum
1797 1682 1839 1745 ac
1856 1656 1902 1745 li-¹

490 1751 495 1767 ‘
590 1772 747 1826 terarum
766 1750 912 1822 homine
930 1746 1044 1820 nobili
1062 1771 1147 1820 cum
1177 1749 1277 1844 rimis
1288 1748 1410 1849 ‚digno
1428 1747 1514 1820 esset
1529 1751 1725 1845 educatus,
1759 1773 1802 1825 ut
1819 1756 1902 1826 lite·

591 1872 715 1924 rarum
739 1847 837 1922 rad-is
863 1845 984 1918 haberi
1009 1846 1134 1920 autin
1160 1845 1262 1919 osius
1282 1845 1384 1915 nullo
1401 1843 1512 1913 modo
1528 1845 1665 1939 posset,
1700 1869 1903 1942 quanquam

593 1947 768 2022 etiam-in
785 1940 867 2046 ipsis
884 1943 995 2018 literis
1010 1968 1084 2017 non
1100 1941 1295 2014 admodum
1316 1938 1438 2034 magni
1455 1938 1657 2035 ejuseslent
1676 1940 1902 2037 progressus,

594 2065 674 2120 tum
701 2044 945 2140 maximopere
971 2064 1058 2134 erga
1079 2034 1221 2108 Dauos
1248 2036 1359 2105 Viros
1384 2051 1507 2104 tamen
1531 2034 1569 2107 &
1593 2036 1802 2131 praestantes
1826 2043 1904 2113 e'us

593 2142 711 2220 eluxit
736 2164 838 2216 amor
862 2156 970 2228 atque
995 2127 1208 2226 propensio:
1245 2129 1321 2201 Res
1348 2127 1518 2202 militares
1535 2155 1605 2229 qua
1619 2133 1757 2209 virtute
1773 2067 1904 2212 trasla-

595 2245 709 2335 γονῆς,
736 2244 773 2317 &
794 2254 881 2332 quos
899 2229 935 2296 in
953 2227 994 2297 iis
1013 2221 1180 2297 adversus
1195 2222 1556 2320 VANGlONES,
1582 2230 1908 2312 ANTONIUM

596 2340 810 2437 Μανίῳ
828 2327 996 2416 Ducem,
1026 2316 1380 2398 RICHARDUM
1397 2326 1644 2424 Trevr'msem3
1678 2331 1729 2425 (e)
1748 2333 1909 2435 aliosque

596 2417 954 2528 feceritprogrellus,
973 2422 1035 2523 qui
1053 2438 1173 2495 tamen
1191 2420 1258 2520 ipsi
1269 2421 1438 2526 deinceps
1453 2424 1578 2500 ferales
1595 2429 1819 2528 ¹extiterunt,
1831 2438 1911 2533 jam

598 2521 915 2622 nonexponimus·
949 2518 1063 2613 uod,-
1090 2519 1303 2623 qaodipsius
1315 2521 1404 2625 Joh.
1420 2521 1726 2618 REUCHLIN
1731 2530 1748 2601 1
1774 2531 1913 2606 causam

599 2620 761 2709 adversus
788 2617 1063 2694 Dominicanos‘
1079 2618 1118 2694 dt
1143 2619 1457 2720 Hoogstratanum
1486 2622 1654 2723 rigorose
1680 2625 1913 2725 defenderet,

599 2724 683 2829 quod
701 2718 835 2793 Ulrico
862 2719 1055 2814 Hutteno,
1091 2717 1433 2793 Antichristianismi
1456 2719 1678 2816 adversario,
1715 2726 1913 2804 admodum
2009 2717 2019 2725 ’

604 2831 760 2914 faveret,
789 2817 926 2918 ipsique
953 2837 1074 2893 tutum
1100 2817 1281 2916 praeberet
1307 2816 1528 2919 hospitium,
1559 2820 1645 2920 quod
1670 2821 1829 2901 Lutheri
1847 2830 1915 2903 do.

600 2915 1005 3087 &rinamsequeretur,-
1019 2937 1128 3028 atque
1150 2915 1261 3025 ipsius
1275 2912 1433 2991 Lutherl
1453 2918 1667 3023 singularem
1686 2944 1830 3018 gereret
1848 2950 1915 2996 cu-

603 3041 703 3115 ram,
736 3045 797 3118 quo
836 3019 1059 3122 deincepsm
1077 3029 1157 3088 aree
1174 3014 1236 3087 fua
1252 3012 1496 3113 Ebemburgo
1512 3031 1709 3088 ¹commune
1726 3019 1828 3091 velut
1844 3019 1917 3094 Vi·

602 3140 726 3190 rorum
752 3121 794 3189 in
816 3110 1107 3211 Reformattonis
1121 3112 1542 3204 negotioemineutium-
1555 3115 1826 3211 receptaculum
1843 3117 1913 3190 eri-

631 3232 706 3286 eret
727 3237 768 3284 ac
794 3207 950 3306 asylum,
982 3203 1131 3300 quodque
1145 3203 1439 3300 ineademarce,
1472 3207 1632 3307 locisque
1648 3209 1721 3281 suae
1740 3213 1911 3303 ditionis,

603 3236 1122 3411 iseligionisreformationem
1140 3301 1315 3404 suscipere
1331 3305 1591 3405 aggrederetur
1607 3303 1703 3401 ipse,
1736 3307 1817 3383 haec
1834 3309 1916 3383 sunt

1827 3411 1922 3508 ejus·

650 3547 699 3626 (a)
720 3543 800 3609 Hac
817 3536 884 3628 ipsa
892 3559 930 3608 ex
948 3541 1043 3609 cuuo'
1060 3532 1167 3605 Leoda‘i
1182 3537 1253 3599 shut
1269 3524 1432 3618 exempta,
1453 3530 1736 3617 apud'FREHER
1752 3524 1855 3611 Toni.
1871 3565 1921 3612 ru.

608 3645 788 3795 B'(²b5)3⁸vld.
812 3706 996 3809 Ppntaleon.
1018 3654 1221 3782 hormagr:
1235 3695 1288 3805 T.·
1300 3706 1403 3781 nt.·'·p.
1420 3713 1476 3800 93⁰.
1493 3696 1866 3779 J0.Jae.nu01<1us
1885 3713 1917 3776 ln
2027 3676 2037 3691 ⁶

609 3795 742 3876 synope
758 3791 978 3859 numismatum
1000 3809 1030 3873 p.
1047 3805 1103 3872 ιο.
1122 3800 1197 3854 eum
1210 3788 1354 3866 appellat.
1396 3779 1533 3848 Nautem
1552 3782 1752 3873 Germanum,
1777 3790 1919 3882 Equitem

610 3882 776 3957 Auratum,
807 3875 928 3943 charum
944 3875 1132 3961 Imperatori,
1153 3891 1209 3936 ιιιιι
1222 3869 1256 3933 ob
1269 3874 1425 3957 antiquum
1442 3868 1520 3932 modd
1529 3879 1645 3958 generis
1657 3873 1759 3955 decus,
1789 3899 1823 3941 ac
1839 3880 1916 3943 nobi·

575 3972 578 3977 '
606 3964 737 4045 litatem,
768 3983 874 4028 verum
897 3965 988 4026 etiam
1002 3957 1291 4045 fingalaremanom·
1305 3951 1554 4042 magnitudinem,
1581 3958 1731 4023 candorem
1740 3959 1828 4048 plane
1839 3969 1919 4051 inge·

608 4072 718 4128 num„
730 4046 911 4133 fingulmnr
924 4061 957 4110 at
975 4068 1014 4109 m
1024 4047 1170 4131 eximiam
1182 4045 1231 4129 m'¹
1240 4038 1384 4105 rnilitarr'r
1391 4043 1543 4126 perium.

607 4212 632 4295 Β
651 4136 705 4282 qe)
726 4131 825 4280 {long
846 4067 1243 4201 culittAEtoaxonu.
1261 4124 1300 4213 ‘'p.
1315 4116 1389 4191 228.
1409 4121 1443 4189 dt
1461 4119 1610 4192 UOD.
1626 4123 1659 4192 iu
1676 4126 1754 4199 Vita
1769 4127 1795 4197 F
1797 4131 1919 4199 riderici

635 4233 742 4284 taum
753 4235 784 4298 p..
826 4231 855 4298 χ.
