4884 5042
1176 584 1309 679 (221.)

597 712 770 824 institistis,
791 750 832 808 ut
843 731 1020 832 praerentes
1032 727 1137 804 ess'ent
1157 727 1284 802 nostrae
1302 748 1443 833 quoque
1460 727 1690 820 satisfadtioni,
1722 721 1876 834 quamue

594 827 728 926 liquido
749 849 945 915 cernerem,
974 847 1124 922 quonam
1146 820 1261 911 fauo,
1281 821 1387 896 sacras
1408 823 1518 896 lrteras
1533 823 1776 914 traetaremus,
1799 820 1872 894 rmd

593 939 748 1018 paratum
766 922 848 1012 effe,
869 921 1031 993 rationem
1051 918 1204 1009 reddere,
1225 918 1319 990 deca
1335 915 1633 1014 quaeinnobisest
1648 919 1732 1010 fide,
1754 937 1872 991 coram

594 1012 1146 1088 coelefflbusterrenisuinsemis.
1867 1056 1871 1067 ·

643 1111 696 1182 Ac
713 1107 857 1180 demum·
867 1110 1027 1182 Senatum
1048 1125 1227 1203 precatus,
1247 1123 1286 1177 ut
1297 1102 1410 1176 omnia
1426 1103 1509 1176 boni
1519 1104 1748 1193 consulerent,
1770 1103 1868 1203 loqui

591 1200 682 1273 desii.
734 1204 908 1299 Excepto,
954 1202 1024 1273 uod
1045 1199 1213 1285 dumille,
1238 1197 1373 1270 rursum
1392 1197 1545 1295 coepiss‘et
1565 1198 1727 1295 quiddam
1739 1221 1869 1296 oggan-

590 1294 678 1383 nire,
698 1314 801 1393 atque
818 1295 852 1368 id
870 1226 998 1369 affidud
1009 1292 1220 1366 inculcareta
1234 1290 1365 1364 sanetis
1377 1290 1536 1364 Patribus
1552 1292 1590 1366 δε
1609 1289 1775 1365 Conciliis
1805 1291 1871 1364 sta·

590 1403 703 1460 tutum
722 1390 803 1480 effes,
818 1411 860 1461 ne
878 1413 937 1484 per
954 1385 1240 1485 quadragesimam
1257 1407 1371 1457 otrnes
1386 1385 1577 1459 ederentur.
1624 1385 1698 1458 Coe
1724 1385 1785 1458 r&
1799 1407 1868 1482 ego

589 1477 1464 1670 {¹:¹1dddddbstt‘dd.”sdrssdifpdtdss
1474 1408 1869 1673 {dedd‘dddt
1941 1550 1958 1567 ·

850 1630 858 1647 ·
1862 1624 1874 1663 a

590 1666 731 1741 Senatus
747 1668 909 1743 dimidius.
1861 1704 1863 1713 ·

635 1763 726 1834 Haec
751 1764 846 1850 sunt,
865 1759 1002 1834 Erasme
1013 1763 1114 1833 frater
1123 1758 1329 1848 'chariffime,
1350 1758 1865 1856 quaehiscediebusaceepimus

588 1853 642 1923 vel
665 1856 820 1928 dedimus
843 1856 1005 1944 vulnera,
1028 1879 1142 1928 coram
1164 1854 1415 1941 Socerdotum,
1445 1856 1716 1938 Senatorumoue
1732 1854 1863 1927 ordine.

586 1944 658 2019 Hae
677 1950 811 2022 rursum
840 1950 1008 2034 Medelae,
1033 1948 1162 2043 quibus
1190 1947 1334 2020 infirmis
1361 1946 1617 2036 succurrimus,
1638 1946 1864 2022 tumultuarie

584 2041 715 2130 omnia,
737 2063 813 2115 uta
830 2043 928 2114 nobis
951 2042 1041 2130 asta,
1064 2043 1108 2113 ita
1124 2043 1245 2138 scripta
1263 2040 1350 2113 sunt.
1400 2040 1495 2114 Nam
1513 2041 1570 2114 ille
1585 2041 1691 2115 domo
1706 2041 1865 2118 attulerat

584 2136 786 2222 Oratorem,
811 2159 876 2234 ego
901 2142 984 2207 vero
1000 2158 1073 2226 quo
1090 2134 1215 2208 stabam
1235 2135 1399 2233 vestigio,
1429 2158 1583 2234 pugnare
1603 2133 1756 2242 coaetus⁸
1775 2134 1862 2241 sum3

585 2223 671 2313 Quo
690 2228 713 2298 fi
729 2252 811 2322 quae
827 2232 938 2301 minus
959 2230 1049 2317 dixi,
1072 2229 1126 2300 vel
1151 2229 1298 2325 amplius
1316 2227 1503 2324 atqueatta
1519 2229 1612 2319 sunt,
1636 2229 1862 2303 imbecdlrratr

583 2316 741 2388 humanae
754 2322 787 2389 id
802 2322 1039 2414 imputandum
1051 2322 1207 2394 arbitror.
1246 2322 1339 2412 Quae
1376 2346 1454 2392 uam
1469 2346 1590 2415 parum
1603 2325 1861 2395 rememorando

580 2407 695 2503 poffit,
716 2410 775 2479 vix
799 2412 961 2508 agnoscit.
1011 2417 1187 2484 Summam
1206 2434 1350 2484 tamena
1389 2412 1474 2483 ionis
1497 2413 1639 2483 omnino
1654 2415 1767 2509 attigi,
1790 2414 1860 2486 five

580 2523 599 2571 a
626 2501 671 2572 ud
691 2503 877 2590 Senatum,
898 2502 968 2575 five
993 2503 1212 2577 Sacerdotunr
1231 2503 1409 2593 ordinem,
1433 2502 1502 2576 five
1549 2505 1683 2576 rivatim
1699 2504 1860 2583 habitam.

616 2592 729 2690 espera
739 2597 829 2669 enim
843 2596 922 2686 illa,
941 2619 1008 2691 qua
1026 2620 1213 2672 manecum
1226 2598 1446 2671 Sacerdotum
1460 2527 1593 2670 Ordine
1603 2620 1756 2695 egerant,
1778 2597 1857 2672 casu

579 2685 615 2758 in
631 2712 690 2760 eos
706 2689 808 2762 incidi
827 2691 864 2764 &
882 2689 989 2763 multa
1011 2713 1091 2763 cum
1110 2689 1176 2763 iliis
1193 2690 1343 2779 contuli,
1364 2715 1409 2764 ex
1424 2690 1552 2787 quibus
1562 2692 1722 2764 omnibus
1733 2691 1857 2781 didici,

580 2780 642 2853 ubi
655 2781 722 2854 loci
737 2783 903 2856 ulcuseos
916 2805 1002 2857 urat.
1053 2785 1155 2879 Vale,
1179 2783 1304 2860 &fiad
1319 2785 1494 2860 Bovilium
1505 2783 1660 2857 nostrum
1672 2783 1856 2883 scripseris,

582 2871 793 2950 salutcseurn
805 2879 922 2950 nostro
933 2878 1079 2952 nomine.

837 2973 891 3045 Μ.
912 2973 959 3046 D.
982 2970 1109 3050 XXII.

1036 3183 1185 3288 Num.
1208 3103 1388 3290 ¹XXII.

760 3559 788 3571 ἲ.
913 3415 1114 3546 Huldrici
1147 3413 1499 3521 ZWINGLII

1001 3582 1247 3656 Conciuiioncs
1273 3585 1427 3658 vatl.

894 3673 928 3746 in
943 3676 1085 3773 Synodo
1096 3679 1266 3776 Tigurina
1278 3681 1299 3750 d
1305 3736 1310 3748 .
1327 3703 1374 3776 29
1388 3682 1526 3773 januar.¹

1021 3775 1064 3845 A.
1097 3795 1196 3869 1523.
1219 3774 1398 3849 ventilatae.

656 3935 718 4014 Uo
752 3939 875 4032 modo,
900 3888 1158 4022 LUTHuRi
1173 3949 1304 4023 Theses
1329 3951 1489 4025 adversus
1505 3952 1606 4023 Indu!
1622 3958 1738 4039 emin,
1764 3975 1849 4046 quas

676 4038 789 4110 Num·
800 4058 861 4111 xr.
877 4040 1097 4119 exhibuimus
1108 4099 1120 4135 ,
1131 4053 1287 4117 Saxonicae
1303 4046 1571 4122 Reformationis
1603 4047 1846 4122 undamentum

1152 4138 1218 4213 Ee
1242 4159 1265 4242 3
1762 4141 1845 4213 dra·
