4884 5042
534 570 771 675 ΛΑΜ·
860 487 1512 651 Ruitovnrt.
1675 544 1834 676 '297

532 691 559 730 ’⁸
583 698 620 769 in
635 653 780 794 templis
796 691 951 785 cantari,
984 689 1096 764 nullas
1113 687 1191 766 lieri
1205 714 1350 791 preces,
1384 693 1422 766 in
1438 713 1689 866 contemptum
1706 695 1828 770 venire

531 790 557 828 ”
578 792 798 886 sacerdotes,
828 786 1085 865 monachorum
1109 785 1261 887 dillipari
1287 786 1470 884 sodalitia,
1501 792 1570 867 deli
1612 817 1715 867 orum
1734 817 1823 867 con·

528 887 554 925 ”
578 888 757 964 fellionem
775 907 883 987 atque
900 886 1150 987 poenitentiam
1168 885 1327 997 negligi,
1351 884 1584 983 sicquidem,
1609 891 1709 964 utils
1728 915 1821 989 prae·

529 989 553 1019 ”
577 984 762 1081 termiffis,
793 987 979 1086 percipere
1005 1007 1148 1058 coenam
1174 984 1329 1058 Domini
1345 984 1490 1079 quidam
1509 986 1598 1058 nihil
1614 1008 1820 1061 vereantur:

529 1086 553 1118 '’
580 1083 727 1157 Mill'am
788 1081 941 1156 rescindi
963 1080 1169 1173 conviciis,
1210 1081 1389 1181 virginem
1417 1079 1573 1154 Mariam
1601 1081 1822 1183 caeterosque

526 1180 553 1218 ’⁹
576 1179 731 1251 Divosa
771 1180 807 1251 ci
825 1180 1064 1272 contumelia,
1088 1177 1215 1251 statuas
1233 1179 1271 1253 ὃ(
1291 1178 1462 1277 imagines
1477 1177 1623 1270 revelli,
1655 1177 1818 1254 confrin-

525 1277 617 1374 ”gi
642 1274 884 1368 stridenti,
920 1276 1155 1350 sacramentis
1181 1273 1355 1350 Ecclesiae
1382 1273 1521 1348 nullum
1548 1272 1676 1347 deferri
1703 1276 1827 1373 hono·¹

525 1376 550 1408 ”
574 1395 673 1466 rem,
696 1373 736 1448 &
752 1391 885 1447 tantam
900 1395 996 1447 nunc
1008 1370 1077 1446 e‘fse
1093 1371 1273 1446 licentiam
1289 1396 1332 1445 ac
1348 1373 1622 1468 impunitatem,
1647 1390 1690 1445 ut
1697 1370 1736 1443 in
1744 1395 1820 1445 ma·

523 1474 549 1504 ”
572 1469 677 1545 nibus
693 1469 881 1544 sacerdotis
898 1470 960 1541 vix
977 1488 1054 1542 tuna
1073 1467 1117 1542 fit
1133 1467 1248 1542 hostia
1263 1465 1500 1563 sacrofandta,
1534 1468 1634 1568 panis
1650 1466 1821 1544 videlicet

521 1565 548 1603 ”
573 1589 721 1666 azymus
746 1566 882 1642 Christi
904 1588 1036 1662 corpus
1061 1589 1099 1639 re
1126 1565 1329 1640 resentans:
1369 1564 1467 1639 Haec
1493 1565 1615 1638 omnia
1638 1565 1729 1639 tanti
1751 1563 1821 1639 effe

522 1666 548 1699 ”
572 1665 772 1755 momenti,
794 1682 838 1736 ut
856 1660 987 1737 meriti)
1004 1654 1073 1736 lint
1091 1589 1327 1761 deploranda:
1355 1663 1403 1738 Se
1417 1661 1562 1761 quidem
1578 1686 1652 1736 non
1668 1658 1818 1762 illapol'·

518 1756 543 1795 '’
569 1757 605 1832 se
623 1760 717 1834 ferre
741 1758 896 1856 diutius,
929 1761 975 1844 δι,
993 1783 1042 1834 nu
1069 1784 1108 1833 er
1121 1761 1168 1833 in
1184 1761 1354 1860 proximo
1372 1780 1578 1854 conventu,
1612 1756 1819 1863 quosdam&¹

521 1855 548 1892 ’³
569 1855 695 1952 sociis,
728 1857 862 1932 ordinis
885 1856 1012 1934 ecclefi
1066 1858 1134 1954 'ci,
1168 1858 1355 1934 communi
1372 1855 1470 1932 milla
1485 1858 1690 1957 legatione,
1719 1854 1818 1930 suam

518 1952 545 1991 ”
570 1976 677 2054 opem
698 1954 914 2053 imploralie.
964 1955 1064 2053 Quae
1088 1980 1200 2055 quum
1226 1957 1278 2030 ita
1303 1955 1393 2051 lint,
1426 1979 1547 2049 orare,
1580 1952 1818 2029 discedantab

517 2053 548 2087 ”·
566 2050 764 2143 instituto,
796 2052 905 2152 inque
929 2053 1045 2126 veteri
1069 2057 1247 2152 majorum
1271 2053 1447 2151 religione
1473 2071 1713 2151 permancant.
1776 2048 1817 2127 si

514 2149 541 2283 J:
559 2149 654 2320 qpid
679 2146 769 2322 vlprd
776 2148 923 2323 gt’d‘in
933 2173 1013 2321 lqpo
1029 2145 1252 2320 ssaslggrpva'ri
1268 2146 1435 2322 pugtcengi
1450 2146 1633 2321 Pontillice
1646 2172 1689 2224 ac
1706 2145 1817 2320 ippdus

516 2312 545 2381 ”¹
562 2268 704 2416 iciliiteet
736 2301 791 2414 illi
812 2270 1057 2454 aprprfaegpsm}
1079 2271 1309 2420 eddidiris’n
1336 2270 1541 2440 ipvagppps’
1584 2270 1816 2445 medante

400 2530 405 2539 Ι
516 2440 541 2471 ”
566 2438 750 2545 vendunt,
784 2440 927 2546 quando
951 2440 1017 2544 luis
1042 2441 1497 2548 indulgentiispecuniam
1506 2442 1662 2543 regionis
1677 2442 1812 2516 exhau-

516 2534 542 2568 ”
567 2549 688 2625 ruunt,
712 2532 856 2629 quando
872 2554 1019 2602 nrmram
1037 2528 1102 2601 libr
1113 2534 1401 2627 jurisdrt'croncm
1416 2541 1609 2634 usurpant,
1632 2539 1696 2632 dt,
1731 2563 1813 2636 quae

517 2632 543 2665 ”
565 2626 683 2702 solalm
707 2627 745 2699 in
762 2629 867 2700 rebus
883 2625 987 2699 sacris
1003 2627 1163 2701 exerceri
1183 2625 1356 2722 debebat,
1388 2652 1466 2704 eam
1484 2632 1528 2703 ad
1543 2655 1597 2704 res
1615 2634 1814 2734 prophanas

516 2729 542 2764 ”
566 2744 676 2825 atque
690 2723 817 2799 civiles
840 2723 1023 2822 applicant
1042 2720 1279 2823 potestatem,
1313 2727 1412 2798 Haec
1435 2727 1574 2823 &ejus
1617 2733 1729 2807 coeris
1747 2734 1814 2804 alia

514 2826 541 2888 θ’
567 2822 766 2922 permulta,
799 2820 827 2895 fi
848 2820 997 2896 molesta
1014 2819 1111 2895 linti
1140 2821 1182 2894 lis
1197 2839 1234 2892 at
1260 2843 1306 2893 ue
1322 2821 1468 2922 gravia,
1500 2750 1813 2919 nouferecusare,

516 2926 541 2960 ”
592 2946 641 2994 oo
674 2922 791 2996 minus
813 2921 1071 3021 corrigantur„
1152 2942 1208 2992 am
1236 2844 1302 2993 ibi
1351 2942 1470 3017 unque
1494 2917 1725 2993 vehementer
1748 2922 1811 2994 illa

514 3022 540 3059 ”
566 2945 771 3118 displicere,
802 3018 841 3095 &
866 3044 938 3092 una
957 3017 1069 3093 cumi
1099 3016 1141 3091 fis
1155 3015 1249 3092 velle
1264 2944 1478 3110 deuitare,
1509 3016 1812 3116 quemadmodum

514 3120 539 3155 ”
563 3139 657 3215 opus
672 3116 761 3188 iliud
776 3118 974 3188 excutiant.
985 3168 1013 3210 „
1101 3115 1238 3214 igurini
1251 3116 1363 3210 vero,
1380 3115 1485 3189 rebus
1499 3113 1568 3188 suis
1585 3114 1732 3190 minime
1747 3118 1811 3191 de·

511 3210 657 3385 usn
679 3210 842 3384 :tetre
866 3209 1737 3389 trrrrrrrtnenurrnrt
1758 3213 1810 3387 rt

506 3410 538 3473 θ’
563 3432 642 3482 cra:
675 3406 718 3483 δι
740 3408 846 3481 initio
866 3407 1014 3506 quidem
1037 3405 1213 3482 dodtnnae
1235 3334 1350 3508 gisus
1371 3409 1444 3482 hoc
1469 3431 1606 3483 novum
1625 3406 1690 3483 libi
1706 3406 1810 3485 fuisse

512 3509 538 3543 ’⁹
562 3505 700 3599 visum,
731 3530 776 3580 eo
803 3505 902 3604 quod
927 3505 1017 3578 nihil
1032 3503 1208 3604 ejusmodi
1226 3506 1325 3620 prius
1337 3504 1522 3581 audillent.
1573 3506 1669 3581 Cum
1687 3527 1809 3583 autem

502 3606 537 3667 .”
562 3603 638 3678 inte
668 3604 675 3618 '
704 3622 805 3678 erent
821 3628 863 3677 ac
879 3603 1065 3696 viderent,
1090 3601 1188 3687 huuc
1203 3626 1282 3702 ejus
1296 3603 1366 3678 effe
1382 3602 1534 3702 scopum
1551 3621 1660 3702 atque
1675 3601 1809 3700 linem,

505 3706 538 3743 -”
561 3703 638 3795 ut]
677 3725 737 3774 um
755 3700 941 3775 Christum
957 3699 1142 3795 ostendat,
1174 3724 1269 3776 aram
1287 3699 1564 3802 praefidiumque
1580 3700 1721 3797 salutis,
1771 3704 1808 3773 ui
1909 3765 1912 3772 ,

512 3802 537 3834 ”
561 3823 630 3968 pro
654 3799 779 3874 mundi
804 3798 942 3874 delius
967 3797 1079 3873 vitam
1096 3817 1203 3910 atque
1217 3797 1424 3898 sanguinem
1440 3798 1662 3902 profuderit,
1696 3729 1806 3873 &io-

419 3916 422 3921 ·
513 3897 537 3930 '⁹
577 3921 617 3970 us
631 3894 675 3969 ab
691 3916 823 3974 aeterna
836 3916 955 3970 morte
971 3894 1115 3969 miseros
1129 3895 1311 3992 liberarit,
1335 3897 1375 3973 dt
1394 3896 1436 3972 fit
1446 3895 1673 3995 unicusapud
1684 3896 1806 3967 Deum

514 3994 537 4026 ”
563 3991 707 4064 humani
736 3994 876 4093 generis
898 3995 1114 4090 advocatus,
1147 4017 1224 4166 rppn
1246 3997 1281 4070 se
1295 3993 1457 4115 poruiffe
1465 4015 1538 4072 tam
1552 3993 1699 4068 salutare
1715 4013 1809 4104 nun·

1204 4115 1232 4190 p
1528 4180 1531 4185 1
1639 4139 1670 4184 ”
1693 4109 1810 4164 cium·

551 4227 600 4312 (a)
618 4222 719 4297 eunt
735 4174 956 4299 SlaElDdN.
973 4233 997 4296 1.
1013 4248 1043 4296 c.
1063 4248 1094 4314 p.
1113 4225 1163 4311 58.
1181 4224 1229 4310 sq.
1293 4250 1308 4277 τ.
1412 4336 1414 4343 ,
