4884 5042
1215 573 1353 678 (uu)

639 749 795 819 rnorem,
814 726 877 826 qui
894 725 927 800 se
944 721 1016 800 solo
1033 719 1108 796 uiis
1126 718 1178 823 est
1196 717 1305 795 facete
1324 742 1463 818 poenam
1490 716 1710 820 Purgatorii,
1731 719 1769 796 Sc
1788 721 1939 823 impedit

642 826 819 897 introitum
839 821 944 921 regni.
1451 906 1459 922 .
1478 906 1485 922 .
1760 846 1765 855 ·

692 916 738 990 V.
762 918 851 989 Tres
869 915 935 989 elle
953 932 1062 1011 partes
1084 907 1319 1006 poenitentiae,
1350 927 1611 998 contritionem,
1633 907 1874 985 conleffionem
1893 915 1936 989 bc

641 1004 922 1097 litisfaeiionem‚
946 1005 1075 1079 nonest
1090 1003 1272 1078 fundatum
1290 1028 1324 1075 in
1341 1002 1428 1076 sacra
1444 1001 1626 1101 scriptura,
1648 1028 1712 1076 nec
1729 1007 1764 1077 in
1781 1007 1938 1104 antiquis

641 1101 762 1177 sanctis
778 1102 979 1188 Christianis
993 1097 1216 1172 notioribus.

694 1198 759 1271 Vl.
781 1198 972 1289 ¹Contritio,
983 1217 1064 1291 quae
1077 1213 1213 1290 paratur
1224 1215 1284 1290 per
1297 1187 1549 1282 disculiionem,
1561 1189 1775 1267 collationem
1789 1198 1825 1269 ὃ(
1838 1197 1939 1272 dete·

644 1289 819 1366 stationem
838 1311 1069 1387 peccatorum,
1093 1311 1162 1452 qua
1178 1288 1257 1383 quis
1269 1287 1430 1384 recogitat
1445 1311 1551 1359 annos
1567 1286 1645 1360 suos
1659 1287 1694 1360 in
1707 1292 1938 1370 amaritudine

642 1385 763 1459 anirnae
800 1385 891 1472 suae,
922 1385 1092 1481 ponderari
1117 1406 1139 1452 ο
1166 1400 1382 1478 peccatorum
1402 1382 1626 1478 gravitatem,
1657 1385 1940 1481 multitudinem,

546 1556 555 1565 ,
643 1477 830 1554 steditatem
842 1533 861 1568 ,⁴
877 1476 1083 1550 amilitonem
1100 1495 1225 1548 aeternae
1246 1474 1484 1566 beatitudinis,
1508 1501 1547 1549 ac
1566 1498 1690 1550 aeternae
1706 1480 1941 1560 damnationis

643 1573 898 1670 acquifitionem
928 1573 998 1646 haec
1023 1568 1184 1644 contritio
1210 1567 1290 1643 facit
1320 1569 1555 1668 hypocritam,
1582 1573 1690 1644 immo
1717 1577 1824 1674 magis
1853 1602 1941 1673 pec.

644 1687 806 1745 calorem.

581 1764 586 1772 ’
695 1763 777 1836 Vll.
803 1762 1018 1837 Vetiffimum
1035 1759 1084 1834 est
1097 1757 1339 1857 proverbium,
1360 1758 1566 1834 &omnium
1583 1760 1738 1835 doctrina
1750 1764 1792 1835 de
1803 1767 1941 1840 contri·

644 1851 796 1930 tionibus
820 1859 999 1953 hucusque
1016 1858 1090 1927 data
1105 1855 1344 1951 praestantius,
1370 1855 1414 1928 de
1431 1876 1555 1929 caeteto
1572 1856 1777 1948 nonfacere,
1798 1857 1939 1943 summa

646 1950 1003 2049 poenitentia3optima
1040 1948 1232 2038 oenitentia,
1256 1973 1347 2022 nova
1363 1948 1443 2022 vita.
1887 1971 1889 1975 ·

695 2045 794 2118 Vlll.
819 2046 936 2120 Nullo
952 2071 985 2117 m
1035 2041 1256 2138 optaesumas
1271 2043 1428 2117 confiteri
1450 2065 1584 2141 peccata
1607 2045 1769 2139 venialia,
1796 2045 1851 2123 sed
1870 2075 1940 2128 nee

642 2140 759 2219 omnia
776 2141 928 2214 mortalia
946 2141 1026 2235 quia
1043 2135 1246 2234 impollibile
1260 2138 1333 2226 est,
1364 2159 1403 2212 ut
1421 2162 1536 2213 omma
1558 2144 1712 2215 mortalia
1736 2147 1941 2242 cognoscas.

642 2233 751 2404 &pide
785 2234 819 2306 in
852 2233 1026 2332 primitiva
1059 2232 1210 2308 Ecclefia
1241 2233 1353 2307 solum
1390 2231 1564 2309 manifesta
1594 2238 1749 2310 mortalia
1787 2243 1941 2320 confite·

713 2351 780 2406 tur.

694 2428 762 2504 lx.
775 2427 874 2501 Dum
886 2424 1176 2503 volumusomnia
1206 2424 1936 2528 ureconfiteri,nihilaliudfacimus‚quam

644 2521 740 2620 quod
759 2521 996 2597 misericordiae
1018 2520 1087 2594 Dei
1111 2450 1206 2593 nihil
1222 2520 1386 2594 volumus
1408 2521 1599 2619 relinquere
1624 2524 1635 2594 i
1661 2527 1884 2601 noscendum.
1998 2594 2001 2598 .

591 2631 595 2647 ·
696 2629 738 2697 Χ.
761 2620 902 2692 Peccata
922 2644 991 2692 non
1017 2616 1092 2689 sunt
1111 2615 1174 2705 ulli
1186 2615 1332 2704 remilla,
1353 2614 1414 2687 nifi
1426 2619 1614 2692 remittente
1668 2620 1803 2692 cerdote
1818 2627 1940 2704 credat

644 2709 707 2786 libi
729 2713 870 2788 remitti:
895 2714 1002 2786 immo
1018 2733 1196 2809 peccatum
1216 2731 1380 2800 maneret,
1402 2710 1461 2784 nili
1480 2713 1651 2786 remilium
1669 2716 1833 2809 erederet,
1860 2746 1939 2798 non

643 2809 735 2882 enim
757 2808 879 2884 sufficit
896 2806 1041 2882 remillto
1064 2805 1206 2906 peccati,
1232 2807 1270 2880 ἃ
1286 2808 1404 2904 gratiae
1420 2807 1576 2901 donatio,
1601 2806 1656 2882 sed
1673 2830 1807 2907 oportet
1829 2817 1938 2893 etiarn

641 2905 777 2983 credere
794 2903 860 2979 elle
874 2902 1058 2976 remilium.

666 3010 752 3077 .‘X1.
777 3000 815 3073 N
820 2999 893 3072 ullo
905 3000 1010 3071 modo
1020 2996 1172 3077 confidas
1186 2995 1316 3070 absolvi
1333 3016 1472 3097 propter
1484 3021 1576 3094 tuam
1590 3001 1851 3092 contritionem,
1875 3010 1936 3085 sed
2032 3024 2037 3034 '

643 3113 783 3192 propter
804 3091 948 3165 verbum
974 3093 1127 3180 Christi,
1155 3095 1298 3190 Quodcu
1354 3122 1394 3166 ue
1412 3097 1547 3201 filonis
1572 3097 1642 3171 &e
1693 3098 1766 3170 Hic
1788 3098 1936 3196 inquam

643 3187 802 3275 confide,
824 3185 849 3260 fi
869 3186 1056 3260 Sacerdotis
1068 3184 1256 3261 obtinueris
1273 3123 1545 3283 agitationem,
1572 3192 1608 3264 ὃ(
1628 3193 1726 3266 crede
1743 3192 1877 3269 fortiter
1901 3220 1939 3281 te

643 3279 856 3372 absolutum,
881 3279 1102 3354 &absolutus
1122 3307 1200 3355 vere
1217 3285 1298 3376 eris,
1324 3285 1492 3385 quicquid
1510 3285 1602 3360 sitde
1615 3289 1828 3362 contritione.

692 3385 771 3454 ΧΗ.
796 3377 831 3450 Si
850 3399 910 3474 per
926 3374 1128 3476 impoffibile
1144 3379 1483 3458 conlessusnonesset
1495 3382 1677 3472 contritus,
1701 3406 1759 3456 aut
1771 3386 1942 3465 Sacerdos

642 3494 712 3545 non
737 3470 822 3545 serio
835 3526 854 3563 ,‚
870 3474 924 3549 sed
942 3476 1019 3571 joco
1033 3472 1244 3564 absolveret,
1269 3473 1294 3548 ri
1306 3562 1309 3568 ,
1320 3497 1432 3554 tamen
1449 3477 1561 3552 credat
1581 3477 1845 3566 seabsoluium‚
1874 3506 1939 3559 ve.

642 3565 767 3640 riffime
779 3567 829 3641 est
840 3566 1026 3644 absolutus.
1213 3632 1219 3643 ,
1332 3637 1338 3650 .

690 3673 786 3741 Xlll.
809 3664 848 3737 ln
865 3665 1080 3740 sacramento
1099 3663 1330 3762 poenitentia,
1343 3692 1395 3742 ac
1412 3663 1601 3741 rerniffrone
1613 3661 1740 3758 culpae,
1766 3686 1835 3735 non
1852 3670 1941 3762 plu,

641 3757 722 3832 facit
736 3760 826 3855 Papa
838 3782 898 3834 aut
916 3762 1128 3859 Episcopus,
1152 3785 1255 3856 quam
1274 3761 1414 3834 infimus
1429 3757 1609 3833 Sacerdos:
1633 3755 1705 3830 imo
1717 3757 1777 3831 ubi
1797 3771 1939 3844 nonest

641 3854 827 3948 Sacerdos,
861 3881 962 3957 teque
979 3875 1108 3932 tantum
1130 3853 1277 3952 quilibet
1307 3853 1556 3962 Christianus,
1567 3853 1669 3929 etiam
1685 3850 1710 3930 fi
1728 3855 1853 3930 mulier
1871 3885 1939 3939 aut

640 3971 728 4048 puer
748 3950 838 4028 elici.
1833 4050 1876 4124 N
1905 4050 1920 4126 Ι

1878 4072 1904 4124 u
1922 4096 1941 4116 ο
