4884 5042
771 499 1507 618 'annonari
1659 547 1662 553 ·
1791 569 1842 642 n

531 720 560 766 ,‚
578 682 858 754 converterunte
893 663 1003 763 Apud
1022 663 1211 763 plerosque
1230 663 1437 762 Religionis
1449 665 1652 763 primores,
1685 665 1729 740 ad
1768 691 1836 740 uo·

529 821 557 862 „
574 791 653 840 rum
678 764 885 863 exemplum
905 763 1077 860 componi
1094 781 1202 860 atque
1218 760 1364 834 formari
1382 762 1482 858 plebs
1501 765 1622 862 ignara
1638 764 1745 838 debui
1775 785 1835 858 et,

528 916 556 962 „
574 884 636 937 aut
659 863 775 936 nullus
802 880 864 934 aut
893 857 991 935 certe
1015 861 1072 932 exi
1103 883 1168 933 uus
1194 859 1268 932 Dei
1295 857 1438 953 cultus,
1469 861 1566 933 nulla
1583 862 1674 936 bene
1688 862 1835 937 vivendi

528 1015 556 1057 „
570 963 661 1044 ratio
676 980 782 1072 atque
800 958 1000 1051 institutio,
1033 883 1151 1031 nullus
1168 955 1308 1056 pudor,
1342 954 1438 1029 nulla
1453 957 1624 1032 modestia
1640 957 1702 1034 fit:
1731 960 1834 1057 justi·

525 1063 623 1155 „tia
647 1057 703 1133 vel
726 1082 767 1130 rn
792 1057 939 1150 odium,
972 1055 1031 1130 vel
1052 1057 1092 1129 in
1137 1057 1261 1128 ratiam
1281 1052 1492 1127 declinavit:
1526 1056 1637 1152 pietas
1655 1059 1777 1150 (NB.)
1798 1059 1835 1132 in

526 1155 857 1255 „superstitionem
884 1151 977 1253 pene
1004 1177 1119 1254 procu
1147 1154 1228 1247 uit,
1269 1153 1384 1226 virtus
1410 1151 1503 1224 vitio
1529 1156 1712 1247 vertitur,
1745 1157 1835 1230 vitia

527 1307 555 1348 „
573 1255 657 1326 loco
675 1252 851 1328 virtutum
870 1253 1037 1326 honorari
1055 1251 1181 1326 solent.
1234 1251 1357 1325 Sacras
1373 1247 1467 1322 aedes
1485 1249 1522 1323 δε
1539 1252 1675 1348 templa
1692 1253 1834 1326 lenoni·.

525 1405 553 1448 ,‚
571 1349 636 1424 bus
662 1351 701 1425 dt
724 1352 911 1449 catamytis
929 1349 1134 1445 commissa,
1166 1347 1308 1421 nefariis
1326 1347 1421 1443 lupis
1439 1347 1569 1445 optimi
1585 1348 1733 1445 pastoris
1750 1351 1831 1420 ovi-

524 1503 553 1545 „
573 1448 619 1522 lia
644 1449 865 1523 demandata.
918 1448 1100 1545 Sanguine
1122 1445 1259 1520 Christi
1286 1444 1466 1517 redemtos
1491 1467 1565 1517 non
1589 1445 1832 1520 deberedebi·

524 1600 552 1644 „
573 1546 669 1619 litari
694 1546 732 1616 in
750 1544 894 1648 plumis.
946 1543 1051 1638 Quid
1069 1542 1296 1640 plumarum,
1325 1541 1466 1637 inquit,
1499 1540 1569 1615 feci
1588 1545 1831 1636 mentionem,

525 1696 553 1737 ,‚
570 1644 608 1717 ὅ(
634 1640 834 1713 scortorum
860 1641 1019 1736 praeterii
1045 1660 1233 1733 catervas,
1277 1641 1316 1715 &
1344 1661 1471 1737 greges
1498 1640 1757 1735 exoletorum,
1793 1640 1832 1716 &
1866 1689 1871 1694 -

524 1792 554 1835 „
571 1739 743 1829 coenata,
785 1736 824 1811 &
857 1734 1042 1810 divendita
1069 1735 1273 1810 sacrificia?
1314 1738 1495 1810 Hortatur
1521 1736 1683 1812 Leonem
1704 1739 1756 1812 X.
1789 1757 1833 1811 ut

483 1844 501 1865 ‘
523 1888 551 1932 ,‚
569 1833 697 1907 luxum
720 1833 909 1927 cohibeat,
943 1836 1191 1933 cujuscunque
1213 1834 1370 1927 ordinis,
1403 1833 1552 1908 modum
1579 1855 1690 1934 ponat
1714 1835 1831 1910 ambi·
1926 1841 1928 1844 ’

522 1985 551 2031 ,‚
570 1930 690 2031 tioni,
730 1955 812 2004 com
843 1928 936 2004 escat
961 1931 1157 2005 indomitos
1182 1933 1220 2006 &
1245 1931 1435 2006 effrenatos
1461 1931 1619 2008 libidinis
1647 1934 1830 2009 obscoena·

500 2041 552 2133 ⁴„
569 2027 729 2124 furores,
763 2029 800 2102 su
816 2026 927 2129 pestis
938 2026 1191 2124 sacerdotum,
1224 2029 1322 2129 quod
1339 2030 1378 2105 &
1398 2029 1537 2128 legibus
1552 2030 1727 2106 Ecclesrae
1745 2056 1831 2107 cau·

518 2173 551 2229 ,‚
568 2145 647 2202 tum
673 2123 744 2221 est,
778 2127 1045 2225 contuberniis,
1079 2125 1179 2203 frena
1197 2128 1414 2220 constituat,
1444 2147 1486 2200 ut
1504 2129 1648 2226 piorum
1666 2131 1831 2206 virorum

523 2279 552 2324 ,‚
571 2225 786 2325 patrimonia
812 2227 850 2299 in
876 2225 991 2319 bonos
1009 2223 1090 2299 usus
1108 2223 1167 2299 dis
1186 2227 1382 2320 eruantur,
1414 2250 1459 2298 ne
1476 2227 1628 2325 amplius
1645 2228 1689 2302 ab
1704 2230 1832 2327 impu·

522 2376 550 2423 „
568 2324 615 2397 ris
638 2323 889 2420 helluonibus,
910 2325 955 2398 ab
973 2324 1137 2399 omnium
1153 2251 1324 2400 siclerum
1343 2323 1556 2424 gurgitibus
1566 2326 1833 2406 absorbeantur,

524 2421 704 2514 „Terret
729 2420 923 2517 Leonem,
966 2424 1135 2521 exemplo
1163 2423 1282 2517 Heli,
1321 2419 1522 2522 gravissitne
1548 2423 1608 2496 hic
1636 2426 1783 2522 punitus
1809 2424 1830 2500 a

497 2544 554 2620 ·„
572 2515 678 2614 Deo,
710 2516 772 2610 qui
798 2539 872 2585 non
895 2520 1149 2593 animadvertit
1173 2522 1211 2592 in
1237 2520 1386 2594 liberos:
1421 2521 1448 2592 ii
1465 2539 1587 2595 tamen
1602 2521 1830 2597 dormiebant

523 2667 552 2712 „
570 2636 655 2688 cum
682 2609 890 2684 mulieribus
900 2642 912 2698 3
948 2613 1066 2684 nostra
1084 2615 1295 2711 tempestate
1313 2619 1475 2690 foeminae
1490 2619 1688 2718 abiguntur
1706 2619 1750 2694 ad
1767 2642 1831 2690 eo·

526 2765 555 2808 „
571 2736 650 2783 rum
674 2708 845 2783 libidines
871 2706 1087 2807 explendas,
1122 2711 1357 2783 &meritorii
1381 2716 1482 2807 pueri
1507 2715 1750 2812 aparentibus
1768 2737 1830 2785 ac·

404 2875 406 2879 ,
524 2857 555 2904 ,,
575 2807 864 2879 commodantur.
916 2801 1220 2879 Asacerdotibus
1273 2807 1339 2879 etit
1364 2808 1452 2878 vitae
1478 2810 1748 2902 innocentiam,
1792 2808 1831 2883 &

522 2956 553 3002 „
572 2926 715 2975 morum
739 2899 988 3002 disciplinam,
1019 2927 1096 2976 non
1110 2901 1231 2977 exaeti
1258 2926 1366 2976 imam
1391 2902 1488 2976 illam
1516 2905 1660 3002 quidem
1680 2907 1718 2980 bt
1735 2928 1831 3004 prae·

519 3053 553 3099 „‚
571 2995 888 3094 cellentissimam‚·
909 3001 966 3074 sed
995 3001 1225 3076 mediocrem.
1278 3003 1371 3079 Non
1399 3003 1513 3100 petit,
1544 3022 1588 3076 ut
1609 3001 1718 3077 instar
1736 3002 1829 3091 Hie·

458 3115 461 3118 ’
523 3154 552 3198 ,‚
571 3096 713 3198 ronymi
739 3096 823 3170 saxo
846 3095 972 3197 peetus
986 3097 1184 3173 identidem
1202 3099 1413 3193 verberent,
1447 3100 1506 3174 sed
1523 3126 1588 3175 nec
1605 3122 1648 3175 vut
1667 3101 1829 3177 meretri·

522 3251 551 3295 „
570 3199 702 3271 tricum
735 3193 881 3292 pestora
910 3195 1065 3271 baccaris
1094 3195 1318 3290 monilibus,
1357 3222 1425 3272 nec
1456 3199 1618 3309 crepidas
1645 3199 1830 3300 hydaspeis

524 3294 723 3395 „gemmis
743 3313 930 3368 exornent.
983 3295 1069 3368 Nec
1084 3294 1262 3394 postulat,
1284 3312 1326 3366 ut
1344 3295 1541 3371 Hilarionis
1558 3298 1686 3372 inediae
1700 3295 1827 3373 assues·

521 3446 553 3497 „
571 3409 682 3481 cant,
721 3387 778 3461 sed
803 3415 847 3464 ne
868 3391 1105 3490 sybaritarum
1130 3417 1253 3466 coenas
1277 3393 1523 3488 aemulentur,
1563 3417 1623 3483 aut
1648 3395 1827 3496 superent.

517 3490 656 3598 „Nec
676 3484 871 3584 efflagitat,
901 3508 946 3562 ut
973 3491 1019 3581 in,
1037 3488 1143 3588 spinis
1170 3492 1208 3565 &
1235 3490 1316 3562 nive
1333 3492 1563 3585 volutentur,
1597 3518 1698 3568 more
1714 3496 1827 3568 Fran·

522 3641 552 3686 „
568 3586 651 3661 cisci
678 3586 716 3663 &
738 3584 955 3681 Benedidi,
991 3586 1049 3682 sed
1073 3613 1158 3662 curn
1184 3587 1561 3688 mollemc-ygnorum
1586 3590 1744 3688 plumam
1770 3593 1826 3676 in-.

519 3733 549 3791 ‚,
566 3685 668 3789 genti
683 3686 844 3782 pecunia
863 3705 1085 3782 mereantur,
1116 3705 1177 3760 aut
1197 3686 1411 3761 redimendis
1427 3687 1600 3787 captivis,
1630 3710 1697 3766 aut
1712 3690 1826 3788 virgi,

517 3800 549 3887 '„
566 3783 672 3861 nibus
692 3783 821 3878 nuptui
840 3781 1041 3880 tradendis,
1071 3790 1154 3883 jure
1165 3785 1314 3883 optimo
1332 3784 1516 3880 dedicata,
1547 3787 1584 3859 id
1602 3785 1707 3885 plane
1727 3787 1827 3858 dam·

518 3933 548 3989 ‚,
565 3901 640 3956 nat.
690 3879 845 3977 Monet,
881 3878 1034 3954 Martini
1060 3883 1253 3982 exemplo,
1286 3883 1392 3956 nudis
1407 3883 1520 3960 vestes
1537 3883 1742 3966 tribuendas
1760 3907 1827 3979 po.-
1881 3910 1924 3970 :l

519 4021 555 4083 ‚,·
566 3983 659 4072 tius,
694 4002 800 4078 quam
824 3977 1004 4081 coccineis
1029 3998 1135 4079 atque
1160 3980 1348 4080 purpureis
1372 3981 1496 4080 pannis
1512 3978 1750 4079 cooperienda
1763 3980 1825 4079 ju÷
1880 3992 1888 4000 ”
1960 4022 1987 4078 .³

519 4082 699 4183 „menta
730 4074 852 4182 'Illius¹
871 4074 1228 4181 [mimiefflstodil
1245 4076 1729 4182 legis,cotrsulatsPontifes,⁴
1756 4097 1828 4246 pua
1943 4081 1945 4084 ’
1987 4080 1990 4087 ’

809 4192 818 4209 ”
1303 4182 1314 4199 ⁶
1415 4188 1421 4199 ’
1462 4183 1464 4187 ⁸
1712 4225 1739 4272 ra
1769 4197 1831 4251 ³¹¹·
