4884 5042
593 519 663 595 zlt
805 509 1190 594 HISTORIA
1240 508 1676 592 anNGELII
1727 510 1901 613 ΛΑΜ.

596 684 628 726 „
647 629 847 729 baptisandi
869 629 1101 730 praescribit,
1132 627 1345 730 hujusmodi·
1368 628 1488 704 verbis
1512 624 1686 728 scriptus':
1718 630 1903 729 Baptifrto

598 742 653 822 ‚'‚-'
703 753 763 803 ero
788 756 876 805 mox
900 730 1005 803 detur
1021 726 1257 802 Eucharistiae
1272 725 1543 802 sacramentum.
1590 727 1771 800 'Similiter
1787 753 1903 824 pocu-

600 876 630 920 „
669 851 728 901 um
747 827 935 926 sanguinis.
964 826 1056 898 Non
1070 824 1130 897 hic
1149 824 1266 923 probo
1280 824 1381 897 hunc
1398 824 1522 916 usum,
1553 848 1627 920 quo
1645 822 1907 898 sacramentum

602 972 631 1017 ‚‚
657 923 793 998 Christi
811 924 927 1021 pueris
945 921 1068 994 datum
1086 920 1158 1014 est,
1191 921 1250 995 sed
1268 920 1339 994 hoo
1359 939 1498 994 tanturn
1516 919 1687 1014 ostendo,
1721 922 1907 996 coelestem

604 1069 638 1113 „
657 1019 749 1095 hanc
774 1021 977 1097 alimoniam
1003 1017 1192 1116 aliquando
1216 1016 1281 1090 sub
1305 1027 1455 1115 utraque
1471 1014 1588 1114 specie
1603 1020 1641 1090 in
1658 1018 1787 1091 nostris
1805 1022 1908 1094 terris

604 1117 774 1210 „datam
800 1117 879 1190 elle.
940 1116 1186 1189 interfuerunt
1213 1115 1298 1189 huic
1322 1117 1404 1209 rei,
1437 1114 1613 1213 fimulque
1635 1125 1779 1189 mecum
1805 1117 1907 1201 vide·

607 1226 643 1307 3,-
660 1233 766 1311 ruint,
778 1215 856 1286 viri
874 1211 1012 1309 aliquot
1024 1212 1112 1285 boni
1133 1213 1171 1285 &
1189 1210 1311 1303 dotti,
1329 1213 1488 1284 Adamus
1504 1231 1583 1284 tum
1595 1212 1754 1286 minister
1762 1215 1863 1288 verbi
1875 1218 1912 1286 in

607 1356 639 1402 „
660 1309 810 1404 Moliri,
845 1308 1046 1407 Gregorius
1070 1309 1218 1384 Buntzli
1243 1307 1403 1383 minister
1417 1307 1518 1384 verbi
1536 1308 1575 1381 in
1592 1308 1758 1403 Vuesen,
1790 1311 1909 1404 &Jo-

607 1442 636 1500 9,
652 1429 764 1493 ‘annes
784 1407 983 1480 Varschon.
1976 1408 1986 1422 “

656 1554 685 1597 ,,
707 1502 795 1577 Hoc
816 1506 892 1601 jam
917 1526 1029 1593 anno,
1060 1525 1167 1598 quem
1185 1523 1374 1578 numerant
1392 1503 1413 1577 tl
1431 1524 1516 1579 nato
1535 1502 1682 1578 Christo
1699 1501 1908 1579 vicefimum

609 1648 638 1692 „
662 1601 810 1674 tertium
835 1600 938 1696 supra
955 1598 1205 1694 millesimum,
1240 1623 1416 1694 venerunt
1431 1603 1476 1676 ad
1491 1600 1780 1676 meValentinus
1800 1602 1912 1677 Scudi

598 1712 650 1791 ,ς’
662 1693 842 1770 suocellor
869 1720 968 1770 meus
984 1697 1021 1768 in
1038 1695 1215 1791 Cimona,
1236 1699 1289 1790 ,ὃς
1303 1700 1458 1793 joannes
1476 1701 1620 1793 Herus,
1652 1700 1848 1775 indicantes
1868 1699 1914 1774 fi-

610 1792 788 1886 „mitem
806 1792 939 1865 librum
958 1793 991 1867 se
1014 1793 1183 1867 invenisse
1198 1797 1237 1869 in
1252 1817 1323 1872 tem
1354 1796 1390 1871 lo
1408 1795 1745 1890 Claronenfi‚·.tam
1767 1797 1917 1872 fimilem

612 1934 641 1981 „
664 1891 821 1963 omnino
841 1890 1036 1984 Mollensr‚
1068 1912 1110 1964 ut
1136 1890 1227 1966 alter
1248 1920 1295 1968 ex
1311 1823 1425 1968 altero
1440 1895 1605 1968 videatur
1621 1891 1689 1965 effe
1703 1895 1914 1994 descriptus.

610 2022 639 2078 ς,
663 1985 708 2060 In
725 1985 851 2061 eodem
870 1988 962 2060 libro
980 1987 1150 2084 praedilm
1164 1990 1275 2063 verba
1291 1993 1398 2063 etiam
1418 1992 1610 2062 contineri.
1648 1987 1822 2083 Quandiu
1838 2017 1916 2066 mot

611 2126 644 2176 ,‚
663 2082 727 2159 iste
735 2084 829 2182 apud
840 2084 1068 2158 Claronenses
1077 2084 1282 2174 duraverit,
1304 2103 1443 2155 certum
1453 2083 1607 2175 nonest,
1624 2080 1918 2161 sedhoccertum

613 2228 642 2273 „
666 2179 717 2255 est
734 2206 809 2255 non
825 2179 892 2255 effe
904 2180 1077 2251 ducentos
1095 2199 1203 2249 annos
1221 2173 1515 2275 (elapfiuscilicetl
1535 2181 1632 2280 quod
1650 2181 1919 2256 hicmosinusu

614 2326 644 2371 „
667 2276 831 2354 fueritin
849 2274 1000 2351 Mollis..
1012 2273 1150 2376 Repeti
1158 2276 1253 2348 enim
1263 2274 1380 2351 literas
1391 2276 1555 2374 quasdam
1565 2273 1809 2352 vetustiffimas
1818 2279 1917 2376 apud

617 2424 647 2471 „
667 2375 788 2476 ipsos,
822 2400 901 2473 quae
929 2375 1088 2448 indicunt
1112 2396 1186 2471 quo
1211 2372 1477 2472 pastosquaque
1493 2375 1633 2449 ratione
1648 2372 1777 2448 Mollis
1793 2374 1814 2449 l
1831 2376 1919 2449 Cla·

613 2518 648 2571 ,‚
672 2497 760 2548 rona
778 2473 821 2548 fit
837 2473 1042 2573 segregem
1075 2494 1283 2571 quae.annos
1301 2470 1480 2544 ducentos
1492 2497 1565 2547 non
1582 2469 1773 2546 excedunt.
1824 2475 1924 2547 Ante

618 2572 878 2670 „hujusmodi
909 2570 1165 2670 separationem
1192 2566 1410 2665 Obsequiale
1433 2569 1576 2644 nullum
1603 2569 1729 2644 habuit
1752 2571 1923 2644 nimirum

618 2717 650 2761 ‚,
676 2670 803 2745 Mollis
819 2695 930 2769 quum
948 2668 1162 2742 sacramenta
1177 2667 1214 2740 in
1231 2691 1272 2741 ea
1288 2664 1385 2740 nulla
1401 2666 1741 2742 administrarentur.
1797 2669 1922 2769 Adpa-

621 2787 729 2856 „ret
757 2792 846 2868 ergo
880 2765 1096 2841 Mollenlem
1133 2765 1266 2839 librum
1289 2787 1335 2838 ex
1361 2765 1570 2864 Claronensr
1594 2764 1662 2840 esse
1683 2765 1925 2865 descriptum,

621 2889 748 2964 „quo
783 2864 903 2964 postea
935 2866 974 2938 in
1006 2888 1100 2938 nova
1126 2863 1276 2938 ecclesia
1298 2882 1498 2937 uterentur.
1558 2865 1655 2938 Haec
1679 2884 1752 2938 tam
1779 2865 1925 2963 proprie

623 2981 824 3057 „tamque
856 2959 1007 3052 diserte,
1034 2962 1193 3054 adeoque
1219 2959 1367 3032 testibus
1392 2961 1509 3035 adhuc
1533 2961 1737 3036 viventibus
1764 2962 1924 3058 mihique

624 3102 653 3150 ,‚
676 3057 883 3131 charissimis
908 3057 946 3126 in
971 3053 1117 3126 Christo
1133 3053 1322 3149 fratribus,
1355 3057 1530 3154 ostendo,
1561 3079 1604 3133 ut
1620 3057 1794 3136 discamus
1810 3059 1926 3131 haere·

624 3198 653 3244 ‚,
679 3152 743 3224 srm
779 3151 912 3222 nullam
946 3149 1041 3242 esse,
1086 3149 1250 3244 Clmllm
1279 3153 1390 3228 cibum
1422 3163 1533 3230 anima
1556 3161 1684 3256 fiquis
1700 3154 1765 3253 sub
1786 3180 1929 3253 unaque

616 3290 655 3340 .„
672 3251 777 3344 specie
807 3266 868 3316 aut
893 3246 1006 3334 forma
1037 3253 1201 3347 accipiat,
1242 3252 1319 3327 imo
1356 3254 1428 3329 hoc
1456 3256 1671 3330 institutioni
1699 3254 1832 3328 Christi
1861 3250 1929 3321 effe

626 3344 828 3517 ‚qusriciniut
854 3344 891 3422 ὃ(
916 3345 1166 3448 conformius,
1203 3376 1309 3453 quam
1335 3350 1361 3424 st
1388 3376 1501 3426 unum
1530 3352 1701 3425 duntaxat
1725 3345 1925 3447 symbolum

695 3468 868 3518 uniamus.

627 3493 712 3632 „n
733 3497 905 3620 cxviii
938 3546 1151 3641 (imarum,
1183 3547 1229 3635 do
1255 3568 1294 3615 ea
1318 3558 1425 3638 quam
1450 3545 1636 3630 dixirim,
1673 3534 1931 3635 Disputatione

628 3663 740 3738 pauca
770 3646 932 3741 quiedam
957 3645 1000 3716 ad
1024 3641 1131 3737 ipsius
1158 3637 1276 3710 citusae
1293 3636 1519 3712 -intelletlum
1544 3635 1648 3707 tanto
1675 3634 1926 3712 dilucidiorem

624 3736 873 3837 observamus,
907 3763 988 3838 quae
1013 3748 1057 3806 ex
1085 3732 1167 3831 ipsis
1192 3720 1293 3804 nolis
1323 3733 1519 3830 unicuique
1542 3753 1579 3802 m
1608 3728 1836 3831 conspeelum
1864 3761 1928 3807 ve·

623 3832 747 3916 nient:
775 3837 890 3932 Qtod
905 3824 999 3907 enlm
1015 3831 1122 3925 primi
1140 3848 1262 3905 ornnes
1281 3829 1436 3928 legitimi
1456 3827 1646 3929 Colloquii
1664 3829 1709 3904 de
1726 3829 1831 3903 rebus
1848 3834 1926 3906 Re·

625 3932 773 4037 ligionls
795 3926 940 4000 ineundi
968 3949 1083 4024 partes
1108 3931 1145 4002 in
1169 3951 1210 4000 ea
1232 3927 1365 4000 fuerint
1389 3924 1612 4022 observatas,
1645 3953 1690 4004 nc
1710 3927 1827 4002 hostes
1846 3931 1927 4030 qui·

623 4030 706 4106 dem
730 4018 877 4102 diffiteri
900 4041 1090 4133 poterunt:
1127 4024 1250 4110 Locus
1276 4044 1351 4097 erat
1374 4042 1499 4121 tutus,
1532 4045 1640 4126 atque
1658 4029 1702 4104 ab
1719 4030 1821 4102 omni
1840 4055 1925 4104 coa·

1831 4127 1928 4202 &io-
