4884 5042
626 645 677 728 ⁶4
842 622 1224 702 nrsronrt
1276 617 1718 715 evannerit

675 752 868 823 Palatinam
891 748 989 847 quod
1014 748 1200 838 concernit
1221 745 1395 836 domum,
1428 767 1499 819 tres
1522 746 1591 818 illis
1615 748 1839 844 temporibus
1860 746 1934 826 flo-

482 862 486 868 ’
627 848 753 925 rebant
770 848 897 939 lineae,
927 848 1119 919 Etennalis
1134 867 1286 954 nempe,
1312 845 1550 934 Simmerenfis,
1572 845 1610 917 &
1628 850 1818 940 Bipontina,
1843 873 1933 946 qua.

627 971 707 1021 rum
741 944 839 1018 nulla
870 967 942 1015 non
972 942 1047 1017 suas
1082 945 1119 1014 in
1152 942 1439 1015 Relormationis
1473 943 1623 1040 negotio
1658 943 1756 1015 vices
1792 946 1943 1025 habuit.'
1981 978 1988 985 “

628 1041 778 1119 Elector
803 1061 877 1114 erat
896 1039 1222 1114 LUDOVICUS
1239 1037 1415 1111 Pacificus
1433 1040 1732 1136 cognominatus,
1766 1066 1811 1115 ex
1830 1047 1936 1144 cujus

628 1139 798 1215 fratribus
822 1140 851 1211 F
854 1137 1158 1212 RIDERICUS
1178 1137 1229 1208 11.
1257 1135 1382 1208 itidem
1407 1137 1554 1232 Sapiens
1572 1139 1621 1231 (a)
1639 1136 1778 1233 dictus,
1812 1139 1935 1241 singu·

630 1238 739 1314 larem
764 1238 803 1309 in
829 1235 993 1311 Historia
1015 1232 1303 1314 Reformationis
1325 1232 1570 1307 celebritatem
1596 1234 1746 1332 adeptus
1770 1236 1846 1333 est,
1878 1241 1936 1314 uti

629 1337 660 1410 is
686 1335 811 1409 deince
838 1358 854 1415 s
906 1330 959 1404 ost
984 1333 1117 1404 Fratris
1145 1349 1299 1402 mortem
1325 1333 1494 1426 &1544
1521 1336 1695 1404 Elellorali
1710 1358 1856 1432 quoquc
1872 1339 1936 1411 ad·

627 1431 750 1508 aulius
781 1358 837 1502 erl
895 1433 1035 1502 'niem-
1087 1430 1188 1502 Inter
1216 1427 1396 1501 Palatinos
1418 1449 1537 1501 autem
1562 1431 1727 1504 Comites
1751 1434 1939 1530 Bi'pominos

581 1583 588 1591 -
628 1527 887 1607 LUDOVlC
933 1527 957 1600 S
992 1526 1042 1600 est
1076 1526 1386 1600 connumerandus
1409 1550 1493 1599 cum
1518 1526 1597 1600 filio
1624 1528 1937 1609 WOLFGAN·

631 1628 735 1719 GO,
769 1626 807 1699 δε
833 1625 957 1699 Fratre
982 1624 1252 1698 RUPERTO
1269 1622 1334 1698 sub
1351 1624 1480 1723 quibus
1499 1649 1552 1699 res
1569 1627 1786 1704 Reformata
1803 1631 1936 1705 mirum

632 1725 669 1798 in
689 1723 836 1799 modum
858 1743 1024 1820 promota
1043 1721 1124 1794 fuit.

683 1823 726 1895 In
749 1819 994 1916 pernol'cendis
1010 1816 1230 1915 amplissima:
1250 1823 1681 1918 Brunsvic0·Luneburgica
1698 1824 1861 1894 Familiae
1877 1848 1938 1896 re·

630 1917 719 2008 bus,
752 1919 930 1990 conducet
957 1916 1171 2009 observalle,
1206 1919 1243 1988 in
1267 1941 1332 1990 tres
1344 1921 1494 2012 florentes
1514 1920 1618 1986 domos
1639 1942 1715 1988 eam
1736 1935 1816 1988 tum
1833 1917 1937 1996 fuiffe

632 2012 813 2100 divisam,
854 2012 911 2086 sed
941 2014 988 2084 ita
1013 2034 1053 2085 ut
1077 2013 1233 2112 ipsorum
1262 2017 1472 2110 Principum
1501 2015 1538 2084 in
1563 2013 1774 2112 religionem
1801 2013 1938 2101 diversa

622 2112 745 2192 ,client
764 2109 896 2202 studia,
923 2110 1122 2209 diversique
1139 2110 1308 2185 effeetus:
1337 2107 1589 2184 lnfcnfissimus
1607 2135 1691 2184 cnm
1704 2113 1828 2210 primis
1834 2117 1937 2214 jura-

633 2206 1531 2401 lz‘llsslrllltlffnillilnlffiln?
1534 2206 1937 2384 lll53⁰⁶1>⁶lllsssslss⁸

636 2360 819 2502 vicensisu’,
863 2407 965 2503 cujus
1002 2405 1097 2478 filius
1128 2407 1273 2500 Julius,
1312 2405 1479 2503 deinceps
1513 2363 1746 2480 Academiam
1772 2408 1939 2482 condidit

633 2502 919 2598 Helmstadiensem
954 2530 998 2578 cx
1026 2505 1087 2584 suo
1114 2504 1261 2577 nomine
1285 2503 1416 2578 dietam
1445 2505 1592 2600 Julian».
1643 2506 1939 2582 ERNESTUS

634 2624 778 2695 autem,
801 2627 845 2676 ex
862 2602 1006 2677 adverlo
1025 2599 1200 2680 Lunebur
1227 2601 1466 2698 ocellmfis,
1487 2603 1603 2678 dietus
1613 2610 1717 2694 Pius,
1741 2601 1938 2674 Reforma-

635 2701 727 2775 tioni
748 2703 823 2802 jam
847 2701 927 2774 inde
953 2704 973 2776 i
994 2700 1174 2803 principio
1192 2628 1356 2800 livebat,
1388 2725 1495 2802 atque
1512 2703 1551 2775 in
1567 2701 1650 2798 iplis
1669 2698 1841 2774 Comitiis
1860 2700 1942 2771 Au-

634 2801 792 2901 gustanis
825 2803 917 2876 inter
949 2804 1103 2901 reliquos
1130 2803 1358 2879 Confeffores
1385 2801 1569 2896 Principes
1596 2796 1871 2890 numerabatur,
1888 2795 1938 2890 (b)

634 2904 738 3001 cujus
774 2902 957 3003 posteritas
987 2901 1181 2975 hodiedum
1219 2904 1258 2977 &
1294 2905 1332 2976 in
1356 2895 1632 2998 Guelpherbyranae
1658 2899 1697 2970 &
1724 2898 1762 2965 in
1786 2899 1943 2983 Hanove3

636 2998 718 3069 ra'nae
732 2999 859 3070 domus
876 2998 1103 3091 Principibus
1119 2996 1324 3066 Celsiffimis
1341 2997 1393 3064 cst
1408 2993 1612 3142 conspicua.
1679 3076 1687 3090 ·
1709 3075 1717 3090 .
1938 3085 1942 3091 .

686 3091 796 3193 Apud
824 3092 937 3179 Haffos
959 3111 1077 3157 rerum
1106 3086 1314 3177 potiebatur
1335 3077 1485 3148 PHILl
1521 3074 1643 3167 PU8‚
1677 3075 1802 3152 ttrdem
1825 3105 1944 3158 exre.

473 3206 480 3220 ·
634 3187 702 3260 bns
728 3187 764 3258 in
790 3177 890 3255 ca‘usu
912 3176 1118 3273 Religionis
1143 3169 1362 3268 potissimum
1383 3165 1585 3267 susceptis,
1618 3173 1734 3250 dinus
1759 3183 1945 3281 Magnani-

637 3304 731 3373 mum,
765 3277 884 3369 idem,
915 3274 976 3373 qui
1002 3271 1164 3346 omnium
1190 3269 1328 3368 primus
1354 3291 1438 3342 cum
1458 3269 1624 3361 Johanne
1642 3274 1809 3350 Elettore
1827 3283 1944 3354 Saxo·

639 3382 732 3473 niae,
766 3377 860 3449 inter
884 3368 1098 3463 protestantes
1122 3393 1254 3444 nomen
1278 3369 1408 3460 habet,
1442 3369 1577 3538 quigue
1601 3393 1733 3472 praeter
1748 3375 1815 3448 alia
1829 3380 1946 3451 'multa

579 3492 586 3502 '
638 3485 676 3555 in
701 3478 771 3552 hoc
792 3475 916 3574 Opere
934 3469 1154 3562 evolvenda,
1188 3469 1407 3541 Academiam
1424 3473 1515 3538 Mar
1536 3494 1579 3539 ur
1600 3474 1700 3568 ensem
1718 3497 1762 3546 eo
1781 3473 1946 3549 fundavit

639 3573 812 3672 consilio,
838 3591 879 3645 ut
895 3569 1039 3646 officina
1053 3567 1280 3672 Religionis,
1305 3565 1485 3664 sapientiae
1504 3496 1883 3668 &eliquentiaeellet,
1907 3575 1946 3647 in

666 3701 708 3750 ua
727 3671 956 3746 fundamenta
975 3672 1010 3745 &
1028 3665 1253 3742 firmamenta
1269 3665 1464 3762 doctrinar,
1482 3667 1527 3741 de
1538 3668 1648 3764 Deo,
1670 3672 1798 3742 artium
1811 3671 1946 3765 porro,

638 3705 678 3856 dt
695 3773 922 3873 Lingonum
941 3765 1164 3849 traderentur
1180 3788 1288 3870 atque
1305 3785 1608 3866 propagarentur,
1635 3769 1673 3843 &
1691 3769 1770 3868 plus
1789 3764 1946 3863 praesidii

1907 3892 1948 3942 ac

678 4039 728 4116 (a)
752 4033 913 4119 liestora'am
933 4029 1071 4096 Fra'derica'
1087 4029 1128 4095 ll.
1154 4027 1303 4111 Sapientis
1320 4029 1410 4107 dini,
1430 4046 1526 4094 netno
1542 4028 1654 4093 mellus
1670 4047 1708 4091 ae
1722 4029 1843 4110 plenius
1859 4051 1948 4098 enat·

638 4119 741 4198 mit,
775 4136 872 4220 quem
893 4115 1043 4184 Habemus
1063 4113 1121 4180 Tb.
1141 4112 1271 4212 leodini
1295 4113 1438 4198 lingulati
1462 4109 1562 4178 Libro
1587 4111 1626 4176 de
1647 4111 1712 4176 rita
1735 4112 1883 4182 Ftlderici
1901 4119 1946 4183 ΙΙ.

642 4203 739 4369 ²lli)
750 4201 1130 4369 viridissimum
1148 4281 1309 4353 Mirteula
1323 4276 1537 4349 Consellionls
1551 4277 1737 4364 Argustana
1752 4299 1783 4365 p.
1795 4303 1868 4368 125.
1882 4287 1949 4367 seq.
2048 4260 2056 4271 ’
