4884 5042
1136 572 1273 673 (¹85·)

565 721 614 802 V.
637 727 845 800 Paradoxsm
865 730 1024 823 quintum.

612 829 688 893 Non
700 821 827 916 ficftrnr
844 845 931 917 opera
950 824 1110 890 hominum
1126 821 1277 891 mortalia
1304 817 1355 907 (de
1366 817 1497 891 bonisne
1511 819 1660 915 adparent
1670 817 1846 914 loquimur}

611 939 651 988 arr
673 916 782 987 eadem
812 922 868 995 strat
894 922 1041 986 crimina.

662 1010 829 1084 Praeterea
841 1009 1003 1105 quoniam
1024 1010 1059 1079 in
1075 1005 1169 1079 omni
1186 1005 1246 1104 pio
1257 1029 1361 1100 opere
1386 1002 1481 1078 &fic
1494 1007 1655 1080 Christus
1676 1006 1715 1080 lit
1736 1005 1846 1079 archi·

614 1101 743 1189 reditis,
763 1126 874 1198 eoque
890 1102 923 1173 id
938 1102 1038 1174 Deio
1064 1126 1104 1173 us
1122 1126 1193 1173 uon
1210 1101 1346 1197 indigne
1364 1098 1594 1194 adpellitetur‚
1614 1101 1721 1171 nihilo
1743 1100 1849 1171 secius

614 1215 726 1269 tamen
739 1197 775 1269 ἃ
787 1195 886 1268 suum
905 1204 938 1266 in
955 1196 1020 1268 hoc
1031 1127 1220 1268 dimensum
1240 1196 1345 1264 homo
1356 1194 1477 1289 accipit
1491 1247 1502 1280 ,
1517 1197 1552 1266 ὃ(
1567 1194 1621 1265 vel
1632 1194 1846 1264 instrumenti

615 1292 691 1362 vice
702 1293 738 1364 &
756 1289 823 1385 ipse
834 1312 1010 1384 operatur,
1023 1311 1126 1386 quare
1138 1313 1206 1361 nnn
1220 1287 1328 1384 potell
1342 1311 1409 1358 non
1419 1287 1525 1360 adello
1536 1291 1692 1384 quaedam
1707 1287 1848 1383 ingesto

616 1382 769 1456 labecula
787 1404 890 1478 arque
909 1381 1085 1472 defedlus3
1108 1406 1184 1453 nam
1204 1384 1239 1453 ὅ(
1260 1382 1293 1451 in
1312 1381 1453 1454 Christo
1470 1402 1657 1453 manentem
1676 1381 1848 1476 palmitem

616 1498 712 1574 pater
738 1496 877 1573 purgat,
894 1477 982 1549 haud
996 1497 1202 1575 purgaturus
1221 1475 1280 1545 nisi
1305 1475 1377 1546 vitii
1399 1475 1548 1547 nonnihil
1568 1475 1689 1546 inesset.
1742 1473 1848 1544 Deni-

646 1595 687 1643 ue
706 1571 916 1643 Eccleliastes
932 1570 995 1641 ait:
1010 1594 1077 1641 non
1092 1568 1260 1663 eli-homo
1268 1571 1381 1665 justus
1393 1568 1426 1640 in
1441 1589 1525 1640 terra
1537 1569 1598 1667 qui
1610 1569 1705 1641 faciat
1717 1566 1849 1638 bonum

678 1690 747 1738 non
766 1684 891 1761 peccet.
940 1661 1025 1735 Hoc
1046 1662 1167 1735 etenim
1191 1685 1303 1756 neque
1325 1659 1370 1733 fic
1385 1663 1492 1760 accipi
1516 1663 1643 1758 potest,
1664 1684 1702 1734 ut
1725 1660 1851 1733 nonsit

614 1757 729 1853 justus
739 1761 800 1855 qui
819 1759 915 1832 faciat
931 1756 1074 1841 bonum,
1089 1780 1208 1828 verum
1222 1756 1344 1847 ‘ugiter
1356 1780 1488 1852 peccem
1506 1757 1618 1853 justus
1630 1757 1719 1827 enim
1733 1755 1851 1852 injuria

620 1850 799 1938 diceretur,
820 1875 930 1948 neque
951 1871 988 1922 ut
1007 1871 1121 1947 peccet
1143 1782 1293 1947 quidem,
1305 1871 1504 1937 nouantem,
1516 1874 1596 1924 cum
1609 1849 1689 1922 facit
1702 1850 1852 1936 bonum,

620 1944 728 2017 otiosa
749 1945 841 2021 enim
858 1945 935 2018 ell'et
954 1945 1027 2015 haec
1044 1943 1226 2041 particula,
1243 1943 1373 2015 bonum
1392 1944 1508 2032 faciat,
1534 1967 1644 2041 quum
1664 1943 1748 2014 nihil
1773 1943 1852 2036 plus

569 2096 573 2103 .
620 2036 811 2128 diceretur,
834 2062 935 2135 quam
954 2037 1089 2112 nonest
1104 2037 1215 2134 justus
1238 2038 1298 2134 qui
1316 2059 1532 2132 nonpeccet3
1550 2061 1679 2111 atvero
1696 2038 1737 2108 ad
1761 2037 1853 2107 hunc

624 2133 766 2205 modum
786 2133 866 2206 alibi
880 2131 1007 2204 dicitur
1021 2158 1029 2203 :
1055 2132 1171 2238 septies
1183 2130 1216 2202 in
1230 2133 1285 2203 die
1295 2132 1382 2203 cadit
1394 2132 1526 2229 justus,
1540 2155 1601 2206 nec
1613 2131 1764 2219 additur,
1790 2129 1852 2223 qui

568 2298 574 2320 ,
622 2224 722 2300 faciat
749 2225 908 2300 bonum.¹
952 2226 1063 2299 Hunc
1085 2225 1190 2329 igitur
1218 2226 1283 2298 elle
1313 2225 1497 2298 verborum
1526 2224 1732 2299 Ecclefiastis
1757 2222 1855 2295 intel·

622 2319 831 2414 le&.um,qui
843 2321 948 2391 modo
963 2343 1033 2390 non
1046 2320 1083 2390 fit
1095 2318 1273 2412 lophisticu
1288 2319 1470 2391 acrimonia
1480 2321 1698 2407 exoculatus,
1709 2319 1855 2390 citrane·

625 2408 761 2506 gotium
775 2414 974 2504 perpendet,
986 2437 1057 2481 non
1073 2413 1120 2482 est
1134 2412 1246 2509 justus
1286 2414 1319 2480 ui
1335 2411 1431 2482 factat
1445 2413 1575 2483 bonum
1588 2414 1625 2484 &
1643 2434 1710 2482 non
1722 2431 1855 2505 peccet,

629 2509 698 2577 ltoc
709 2501 775 2575 est:
800 2506 861 2596 qui
874 2508 942 2573 nort
954 2501 1107 2573 faciendo
1117 2504 1248 2573 bonum
1259 2436 1452 2596 delinquam
1476 2505 1668 2598 Nunquam
1683 2507 1772 2575 enim
1785 2514 1870 2576 tam‘

627 2594 769 2670 feliciter
785 2595 914 2668 Christi
930 2593 1075 2665 dottam
1089 2595 1202 2665 nostra
1215 2595 1368 2689 sequitur·
1381 2595 1603 2683 imbecillitas,
1614 2618 1651 2668 ut
1664 2622 1732 2670 non
1745 2597 1857 2693 petin-

623 2692 670 2765 de
680 2685 719 2762 tic
729 2692 860 2762 dentata
869 2687 1018 2775 dolabra,
1030 2686 1135 2759 liceta
1149 2686 1376 2782 probatiffimo
1386 2689 1488 2762 dudla
1502 2687 1609 2778 fabro,
1620 2692 1785 2788 impingat
1794 2690 1857 2761 ali·

624 2783 720 2871 cubi,
734 2785 961 2881 &porcorum
975 2778 1083 2853 sulcos
1096 2780 1230 2871 efficiat,
1245 2783 1328 2854 adeo
1340 2781 1454 2854 sumus
1464 2784 1505 2854 ad
1516 2784 1655 2868 Iustitiae
1668 2786 1782 2855 munia
1792 2807 1854 2854 no·

630 2878 694 2950 stra
708 2899 825 2951 natura
837 2879 888 2948 ine
915 2876 957 2963 ti3
968 2874 1234 2973 Proindejustus
1244 2896 1314 2947 orat
1324 2933 1333 2962 ‚
1344 2875 1457 2948 servus
1467 2879 1621 2966 Domini,
1634 2900 1703 2947 non
1717 2872 1856 2974 iniquus

582 3046 587 3053 ,
632 2971 775 3076 perfuga
791 2996 858 3044 non
873 2903 1040 3059 liclestus,
1051 2993 1092 3041 ne
1105 2971 1206 3044 intres
1219 2969 1253 3041 in
1267 2971 1428 3043 'udicium
1441 2994 1521 3043 cum
1535 2970 1698 3045 servoruo
1706 2970 1857 3043 Domine

629 3090 792 3161 quomam
806 3063 1126 3157 oonJustilicabitur
1137 3065 1171 3136 in
1187 2995 1371 3167 conlpettu
1386 3085 1447 3137 tuo
1458 3065 1568 3137 omnis
1579 3066 1709 3139 vivens:
1724 3067 1759 3138 &
1773 3063 1854 3158 Job:

584 3174 589 3195 ³
628 3159 770 3233 verebar
782 3160 895 3232 omnia
906 3180 1317 3254 operamea‚nontantum
1330 3158 1504 3247 mala‚non
1514 3158 1621 3232 solum
1635 3157 1856 3256 reproba‚sed

629 3276 712 3348 quae
730 3253 782 3350 pia
793 3256 891 3326 etiam
904 3253 1083 3347 sandlaque
1100 3252 1150 3324 illi
1163 3254 1367 3327 videbantur
1384 3254 1420 3326 &
1434 3256 1553 3350 utique
1564 3274 1666 3327 erant.
1695 3255 1859 3327 Hisalris·

631 3370 700 3442 que
722 3347 861 3420 minime
876 3347 992 3443 paucis
1014 3370 1209 3420 arcanarum
1232 3348 1405 3421 literarum
1429 3346 1534 3421 fretus
1551 3349 1696 3444 eloquiis
1713 3349 1858 3421 illemeo

634 3440 774 3546 quidem
786 3441 918 3538 judicio
932 3466 1010 3515 vere
1031 3439 1206 3514 Paullinus
1229 3441 1412 3542 theologus
1428 3441 1513 3514 nihil
1538 3465 1693 3517 comatus
1714 3443 1759 3517 ita
1779 3442 1859 3542 prol

633 3554 766 3611 nuntiat
788 3561 796 3608 :
1109 3596 1112 3603 .
1337 3578 1340 3583 ·

581 3631 646 3711 Vl.
675 3632 880 3702 Paradoxum
898 3633 1039 3724 sextum.
1338 3675 1344 3702 -,
1802 3686 1808 3694 .

600 3738 605 3745 ’
639 3731 713 3801 Non
722 3730 771 3814 fic
789 3727 863 3817 suna
878 3733 966 3820 ope'ra
993 3730 1060 3798 Dei
1077 3733 1207 3799 nurisa-
1224 3729 1283 3815 (de
1303 3735 1343 3800 a'a's
1364 3732 1525 3825 loquimur
1547 3754 1612 3825 qua
1629 3729 1863 3825 perdominetur

625 3821 734 3911 fiunt)
751 3841 789 3889 ur
804 3820 912 3890 eadem
931 3818 987 3891 'non
1002 3826 1059 3897 fiat
1069 3825 1208 3914 paccata.

687 3911 762 3984 Sub
777 3912 850 3985 hac
862 3915 1023 4007 quoniam
1036 3915 1151 3988 nullus
1164 3917 1213 3988 est
1226 3915 1328 3989 redlae
1342 3916 1461 3990 mentis
1473 3915 1702 4004 Christianus,
1725 3913 1786 4010 qui
1799 3912 1864 3986 dif-

641 4003 794 4095 fiteatur,
810 4007 926 4083 omnia
943 4008 1055 4084 nostra
1079 4031 1236 4182 oportppe
1246 4011 1327 4084 Deo
1346 4011 1431 4103 ferre
1441 4034 1576 4110 accepta
1586 4034 1665 4106 quae
1678 4009 1772 4084 bona
1783 4008 1848 4174 smtl
1857 4064 1869 4096 ,

1232 4129 1251 4178 a
1448 4150 1450 4153 .
1781 4126 1870 4176 maa
