4884 5042
1213 547 1228 634 (
1247 547 1379 636 ¹20·l

686 691 753 764 111.
773 692 904 766 Hostes
920 689 1099 764 Christi&
1117 690 1314 792 Papa-sunt
1329 690 1369 776 ii,
1395 689 1455 786 qui
1469 708 1607 784 propter
1619 689 1730 763 venias
1743 692 1932 788 praedican·

645 783 703 858 das
720 789 861 859 verbum
881 788 944 859 Dei
959 787 992 855 in
1003 787 1074 856 aliis
1093 783 1250 855 Ecclelits
1265 785 1397 878 penitus
1410 784 1503 856 fileae
1510 784 1643 880 jubent.
1670 807 1672 809 ·

696 883 759 953 lv.
790 883 913 977 lnjuria
926 880 965 951 fit
978 879 1083 950 verbo
1098 880 1182 966 Dei,
1205 879 1290 948 dum
1302 877 1336 949 in
1347 879 1465 949 eodem
1479 879 1629 951 sermone
1641 880 1773 977 aequale
1787 882 1841 954 vel
1854 893 1935 960 lon·

645 971 722 1072 gius
735 996 868 1072 tempus
882 974 1086 1070 impenditur
1098 973 1202 1044 veniis
1213 996 1315 1068 quam
1330 971 1442 1044 verbis
1458 974 1671 1072 evangelicis.

699 1071 742 1141 V.
762 1071 864 1142 Mens
879 1072 979 1164 Papae
991 1066 1168 1139 necessario
1179 1067 1227 1138 est
1243 1121 1253 1155 ,
1276 1065 1408 1162 quodsi
1427 1068 1533 1138 veniae
1548 1070 1658 1162 (quod
1671 1069 1852 1142 minimum
1865 1073 1937 1163 est)

649 1184 717 1234 una
739 1187 897 1259 campana
919 1164 995 1235 unis
1012 1163 1145 1326 pompis
1164 1162 1200 1233 dt
1224 1160 1427 1234 caerimoniis
1444 1161 1678 1253 celebrantur,
1700 1167 1939 1262 Evangelium

651 1259 761 1352 (quod
778 1260 1002 1329 maximume
1035 1260 1205 1342 leentuni
1225 1255 1417 1351 campanis,
1441 1275 1579 1329 centum
1601 1258 1757 1357 pompis,
1791 1281 1939 1336 centurn

648 1351 852 1423 caerimoniis
866 1352 1077 1448 praedicetur.

542 1517 544 1525 ,
702 1446 764 1518 Vl.
787 1446 955 1535 Thesauri
976 1442 1151 1531 accretae,
1178 1442 1268 1515 unde
1289 1444 1381 1538 Papa
1398 1445 1454 1516 dat
1473 1441 1567 1517 indul
1594 1447 1715 1538 entias,
1735 1471 1848 1545 neque
1862 1449 1943 1527 satis

652 1539 816 1612 nominati
838 1537 912 1612 sunt
931 1565 972 1630 ne
999 1563 1042 1611 ue
1056 1538 1183 1636 cogniti
1194 1539 1285 1634 apud
1298 1538 1467 1645 populum
1479 1468 1620 1612 Charis.
1878 1555 1883 1561 '

702 1633 784 1708 Vll.
810 1563 1033 1731 Temporaies
1055 1653 1143 1705 certe
1166 1656 1236 1705 non
1256 1632 1321 1703 esse
1344 1653 1456 1728 patet,
1479 1634 1574 1727 quod
1593 1656 1745 1707 nontam
1766 1634 1953 1718 sacileeoe'

656 1729 887 1826 profundunt:
917 1729 970 1800 sed
982 1727 1220 1800 tantummodo
1233 1728 1401 1824 colligunt
1416 1726 1516 1799 multi
1526 1730 1816 1806 concionatorum.

673 1882 677 1887 .
707 1825 804 1896 Vlll.
828 1819 907 1896 Nec
926 1826 1000 1895 sunt
1019 1823 1134 1894 merita
1152 1820 1282 1891 Christi
1301 1820 1561 1895 &sanctorum
1612 1823 1705 1913 Quia
1718 1825 1791 1897 haec
1805 1825 1946 1926 semper

659 1915 727 1989 sane
738 1920 828 2014 Papa
839 1943 1021 2016 operantur
1033 1918 1172 2016 gratiam
1186 1916 1332 1988 hominis
1346 1914 1529 2004 interioris,
1549 1940 1703 2008 crucem,
1726 1941 1872 1994 mortem
1890 1925 1948 2000 in·

659 2009 1056 2108 sernumqueexterioris.
1908 2060 1911 2077 ·

709 2115 766 2180 IX.
793 2108 986 2179 Thesauros
1008 2104 1165 2178 Ecclesiae
1180 2104 1214 2177 S.
1236 2103 1440 2177 Laurentius
1455 2103 1543 2178 dixit
1558 2105 1623 2179 elle
1635 2130 1798 2209 pauperes
1811 2109 1945 2190 Eccle-

662 2195 735 2287 fiae,
757 2200 810 2271 sed
826 2202 961 2273 locutus
973 2201 1019 2273 est
1033 2202 1096 2273 usu
1109 2198 1267 2273 vocabuli
1282 2198 1344 2272 suo
1357 2219 1521 2294 tempore.

710 2302 752 2367 Χ.
775 2295 852 2366 Sine
865 2296 1047 2369 temeritate
1060 2296 1228 2385 dicimus,
1248 2294 1358 2367 claves
1374 2292 1534 2368 Ecclesrae
1547 2294 1684 2380 (merito
1695 2296 1827 2371 Christi
1838 2300 1953 2380 dona.

662 2393 726 2474 tas)
739 2389 802 2461 ell'e
813 2390 1004 2463 thesaurum
1020 2391 1133 2463 istum.
1788 2435 1790 2438 ·

673 2523 680 2531 ·
712 2494 772 2562 XI.
793 2485 935 2558 Clarum
947 2486 995 2559 est
1006 2492 1112 2577 enim,
1132 2483 1227 2583 quod
1245 2485 1291 2557 ad
1298 2489 1498 2576 amisionem
1505 2491 1864 2585 poenaerumdrcafhum
1879 2499 1953 2591 fola

676 2603 697 2646 u
729 2588 772 2652 cit
805 2605 850 2652 tte
876 2609 909 2653 as
929 2591 974 2653 Pa
994 2613 1025 2654 a.
1212 2605 1215 2612 ·

658 2581 1107 2846 [ιλξζέἷίξνζίυεὸὴζίιυωε
1122 2674 1281 2751 Ecclefiae
1292 2676 1341 2750 est
1353 2677 1445 2755 sacro
1462 2677 1615 2754 landum
1628 2677 1858 2784 Evangelium
1871 2688 1955 2790 glo-

666 2793 725 2844 rrae
813 2796 902 2846 rattae
954 2797 996 2845 er.

694 2796 810 3034 'siffllg'
832 2870 903 2943 Hic
919 2888 1031 2942 autem
1050 2867 1098 2942 est
1115 2867 1236 2942 merito
1252 2867 1491 2963 odiosissimus,
1514 2870 1594 2969 quia
1605 2894 1648 2943 ex
1661 2871 1778 2970 primis
1793 2871 1875 2950 facit
1886 2903 1957 2955 no.

666 2983 702 3036 vr
729 2988 827 3037 rmos.

716 3069 814 3152 XlV.
846 3059 1043 3132 Thesaurus
1068 3079 1180 3132 aurem
1201 3058 1488 3159 indulgentiarum
1511 3061 1633 3136 merito
1653 3062 1702 3137 est
1721 3062 1955 3163 gratiffimuS,

670 3153 749 3247 quia
760 3177 803 3223 ex
817 3152 999 3224 novissimis
1012 3152 1089 3226 facit
1102 3154 1242 3249 primos.
1447 3178 1450 3182 ·

717 3255 797 3347 XV.
818 3245 1087 3412 ¹{lluslh0slffil
1106 3248 1308 3355 Evangelici
1327 3252 1408 3326 retia
1426 3252 1520 3348 sunt,
1540 3252 1669 3351 quibus
1679 3252 1762 3326 olim
1776 3252 1955 3351 piscaban.

666 3353 724 3412 tur
738 3362 830 3412 vrros
864 3363 1047 3416 rvrtrarum.

695 3441 812 3539 ‚m
835 3436 1001 3541 Thesauri
1021 3439 1306 3544 indulgentiarum
1323 3444 1404 3516 retia
1420 3447 1513 3535 lunt,
1535 3441 1662 3541 quibus
1675 3465 1767 3514 nunc
1778 3441 1960 3536 piscantur

669 3523 803 3602 drvttras
817 3555 982 3606 virorum.

717 3631 833 3702 XVll.
868 3629 1112 3730 Indulgentiae,
1145 3655 1230 3725 quas
1250 3630 1504 3705 concionatores
1531 3625 1759 3700 vociferantur
1786 3629 1964 3714 maximas

670 3719 811 3816 gratias,
834 3725 1068 3823 intelliguntur
1082 3747 1158 3794 vere
1171 3726 1374 3822 talesquoad
1386 3722 1556 3817 quaestum
1569 3721 1858 3809 promovendum.

682 3905 689 3915 ‚
721 3823 853 3894 lell.
879 3821 965 3892 Sunt
983 3840 1093 3890 tamen
1112 3841 1227 3892 revera
1243 3817 1393 3891 minimae
1410 3813 1452 3887 ad
1469 3811 1607 3916 gratiam
1622 3812 1686 3885 Dei
1700 3815 1736 3888 ὅ(
1750 3820 1861 3893 crucis
1877 3823 1956 3922 pie.

670 3925 770 3982 tatem
783 3931 996 4008 comparatae.

717 4015 805 4081 XlX.
818 4007 995 4076 Tenentur
1010 4005 1170 4105 Episcopi
1183 4007 1219 4080 dt
1231 4006 1355 4080 Curati
1367 4005 1543 4082 veniarum
1556 4005 1834 4106 Apostolioerum
1842 4010 1963 4088 Coma

672 4097 834 4172 millarios
843 4120 924 4172 cum
935 4098 1030 4173 omni
1042 4101 1226 4176 reverentia
1235 4100 1420 4175 admittere.
1880 4115 1959 4187 XX.
