4884 5042
1229 541 1345 641 (ὀί)

628 675 1397 890 miiieffip'ermbtffffiiwss
1419 676 1645 891 Qffiz
1666 679 1819 892 eilliniunt
1836 783 1957 857 illurn

633 881 710 979 jam
737 876 944 949 damnatum
969 876 1017 947 de
1037 897 1174 948 annam
1198 874 1377 950 solvendis
1394 876 1574 950 salutifere
1619 877 1786 952 rohrbena
1802 878 1959 955 illarum

636 972 873 1055 arum
899 976 937 1048 &
954 970 1183 1046 solutionem.
1223 974 1417 1072 Multaque
1432 977 1501 1047 alia
1516 980 1574 1048 lan
1612 977 1688 1049 a&
1705 973 1858 1048 salubria
1877 977 1956 1052 sta·

635 1075 710 1148 tuit
736 1074 830 1145 idem
859 1071 1057 1144 concilium
1083 1070 1130 1143 ad
1151 1070 1267 1144 divini
1286 1074 1406 1145 cultus
1423 1093 1659 1169 augmentum
1677 1097 1719 1145 ac
1737 1071 1886 1146 salutem
1905 1101 1957 1151 ae

635 1172 793 1269 quietem
811 1169 1035 1243 subditomm
1053 1192 1125 1264 que
1141 1169 1308 1241 omnibus
1326 1169 1567 1243 innotescunt.
1605 1171 1693 1263 Qie
1710 1171 1856 1266 quidem
1877 1173 1954 1245 sta·

637 1289 716 1345 tuta
740 1267 969 1342 sereniffimua
996 1265 1057 1338 illc
1075 1267 1247 1363 Princeps
1264 1268 1380 1338 divini
1396 1270 1552 1340 nominis
1570 1269 1609 1342 ὃ(
1629 1268 1859 1341 eccleliastici
1879 1270 1957 1343 ho·

635 1369 735 1447 noris
751 1367 927 1440 exaltator
944 1361 1187 1437 devotiffimus
1203 1367 1242 1438 &
1261 1364 1488 1438 conservator
1505 1365 1685 1439 excellens
1696 1366 1856 1438 Karolus
1867 1366 1956 1464 sep·

523 1520 527 1527 .
638 1464 749 1539 timus
774 1465 999 1536 Francorum
1019 1463 1103 1535 Rex
1122 1464 1161 1535 in
1177 1462 1241 1536 suo
1259 1463 1396 1536 celebri
1411 1465 1571 1537 concilio
1590 1462 1739 1537 ecclesie
1756 1463 1963 1540 Gallicane

638 1562 760 1636 Bituri
787 1562 968 1635 celebrato
995 1558 1166 1633 recenseri
1185 1560 1286 1634 fecit.
1310 1561 1350 1634 &
1367 1586 1409 1635 ea
1421 1559 1613 1636 salutifera.
1638 1564 1677 1636 &
1695 1561 1757 1634 suo
1776 1583 1892 1659 regno
1908 1590 1959 1640 ac

639 1660 881 1758 Delphinatui
915 1655 1125 1751 utiliffima‚
1167 1657 1271 1734 saluti
1306 1659 1345 1734 ὃ(
1371 1662 1487 1760 quieti
1509 1660 1736 1734 subditorum
1764 1659 1965 1738 consulens

638 1757 846 1835 inconcuffe
880 1758 1007 1832 servari
1040 1760 1218 1855 precepit,
1261 1759 1391 1855 &per
1415 1761 1589 1856 Regnum
1617 1759 1657 1833 ὃ(
1683 1758 1957 1855 Delphinatum

638 1858 865 1954 promulgari
890 1855 990 1929 fecit.
1024 1878 1136 1953 prout
1162 1854 1371 1928 conservata
1394 1858 1435 1931 &
1460 1857 1644 1930 observata
1669 1854 1817 1928 fuerunt
1841 1881 1887 1930 ac
1907 1883 1961 1933 ex

638 1977 763 2027 eorum
784 1953 1006 2033 observantia
1024 1951 1143 2025 cultui
1161 1953 1398 2047 perseverarit
1415 1953 1569 2025 divinus.
1598 1953 1687 2023 saluo
1704 1953 1850 2026 advenit
1868 1955 1960 2029 sub·

640 2048 814 2123 (litorum.
860 2051 983 2123 omnia
1032 2048 1116 2119 ein
1139 2051 1272 2121 eisdem
1299 2048 1437 2140 Regno
1465 2048 1504 2118 &
1529 2047 1758 2142 Delphinatu
1787 2051 1879 2143 pros
1967 2096 1970 2099 -

637 2141 890 2220 fficceilerunt.
932 2147 979 2217 Se
1021 2145 1159 2212 romani
1178 2141 1334 2238 propriis
1349 2140 1626 2242 cupiditatibus.
1652 2142 1691 2214 ὃ(
1708 2077 1965 2226 commorit&

639 2239 737 2319 tibus
755 2243 953 2328 inhiantes,
978 2236 1201 2310 attendentes
1220 2237 1273 2308 his
1290 2234 1416 2307 mediis
1432 2261 1559 2311 aurum
1577 2238 1615 2312 &
1633 2261 1836 2334 argentum.
1860 2243 1969 2327 sicut

637 2358 753 2415 antea.
786 2360 832 2411 ex
859 2332 963 2406 dictis
989 2337 1126 2430 Regno
1153 2335 1192 2409 &
1219 2332 1445 2430 Delphinatu
1471 2336 1516 2408 ad
1540 2334 1575 2410 se
1601 2360 1668 2432 pro
1685 2335 1749 2409 suo
1767 2356 1858 2410 voto
1878 2365 1966 2424 non

638 2437 781 2511 deferri.
808 2431 1016 2529 hujusmodi
1035 2431 1175 2505 statutis
1191 2432 1390 2505 invidentes
1406 2457 1529 2532 caper
1543 2437 1736 2508 Romanos
1753 2437 1965 2520 Pontifices

637 2532 801 2708 lilim
817 2529 1963 2706 ῑέξὲἱῗῗὲἒέἔέἛὲὲῃῖῗάἀέἱῗῖἔῗὲῗ33ῂὲἓαᾷωὲψωῑ

637 2656 822 2809 Κοωὲῒίε
844 2730 925 2828 plus
943 2729 1068 2803 debito
1088 2730 1221 2802 favens.
1247 2726 1457 2826 in‘quodam
1476 2749 1560 2805 cetu
1580 2657 1805 2806 irillloriiiiii
1823 2659 1960 2812 csiViqtpt

640 2849 692 2909 te.
718 2856 789 2945 quc
814 2848 943 2905 contra
967 2854 1031 2903 nos
1056 2825 1119 2901 est.
1145 2825 1319 2901 nescimus
1344 2828 1520 2924 qualiter,
1545 2854 1618 2903 non
1637 2850 1757 2903 tamen
1775 2833 1812 2903 in
1830 2829 1961 2926 spiritu

640 2929 780 3008 domini
798 2950 1035 3028 congregato.
1060 2951 1143 2999 curn
1163 2950 1236 3023 quo
1254 2925 1346 2997 nihil
1362 2946 1492 2999 contra
1506 2928 1624 3025 legem
1643 2928 1802 3000 divinam
1813 2930 1851 3003 &
1862 2930 1960 3006 sacra

641 3030 815 3102 Concilio
845 3027 963 3098 statui.
997 3025 1139 3094 decerni
1165 3043 1227 3096 aut
1252 3022 1407 3097 ordinari
1434 3026 1565 3121 potest.
1610 3029 1734 3121 Opera
1761 3029 1856 3099 enim
1885 3055 1958 3125 que

688 3149 713 3196 o
729 3125 826 3196 facio
845 3120 917 3214 ipsa
934 3117 1177 3191 testimonium
1198 3121 1390 3216 perhibent
1406 3122 1452 3194 dc
1469 3148 1538 3197 me.
1558 3123 1721 3222 ptemilla
1739 3144 1813 3196 tarn
1832 3125 1958 3201 saluti·

639 3145 718 3292 ⁸{gra
735 3215 865 3289 statuta
882 3213 1086 3310 abroganda
1103 3215 1193 3310 effe,
1210 3218 1387 3295 nescimus
1405 3246 1478 3321 quo
1496 3222 1608 3297 fretus
1625 3220 1798 3313 consilio,
1818 3225 1963 3302 censuit

642 3331 771 3388 contra
797 3310 906 3387 fidem
934 3313 1176 3388 Catholicam.
1209 3318 1247 3390 &
1267 3318 1518 3395 aucloritatem
1536 3321 1714 3395 sacrorum
1732 3316 1960 3414 generalium

643 3411 884 3486 conciliorum
903 3413 1080 3487 veniendo
1098 3412 1235 3489 sacrum
1254 3416 1445 3491 Basiliense
1462 3420 1657 3492 concilium
1677 3410 1869 3488 damnavit.
1908 3416 1960 3494 In

642 3531 717 3609 quo
747 3512 840 3585 inter
867 3532 986 3586 cetera
1007 3513 1210 3609 judicatum
1229 3512 1281 3585 est
1299 3515 1490 3613 gloriosam
1508 3517 1686 3610 virginem
1705 3508 1860 3579 Mariam
1882 3510 1961 3593 fine

643 3629 797 3710 peccato
833 3611 1001 3707 originali
1028 3610 1129 3684 fuille
1156 3634 1386 3711 conceptam.
1420 3639 1486 3688 nec
1510 3611 1556 3682 de
1581 3611 1645 3680 illo
1672 3604 1778 3678 habet
1804 3609 1960 3689 ecclesia

644 3705 749 3785 uliam
769 3705 999 3780 decisionem.
1019 3707 1170 3804 quedam
1189 3709 1257 3782 alia
1272 3711 1402 3786 statuta
1420 3735 1487 3807 pro
1504 3705 1608 3779 libito
1619 3705 1829 3801 voluntatis.
1850 3715 1958 3799 (cum

644 3808 750 3885 venia
764 3804 916 3896 dicium)
946 3801 988 3877 sit
1006 3805 1208 3880 condendo.
1236 3811 1272 3882 in
1292 3809 1488 3883 Perniciem
1508 3802 1632 3898 Regni
1652 3805 1689 3878 ὃ(
1711 3805 1966 3901 Delphinatus.

672 3904 901 3983 rediuorum.
929 3902 966 3980 &
992 3902 1215 3980 subditorum
1243 3901 1460 3981 illustriilimi
1476 3903 1655 3999 Principis
1673 3902 1784 3976 nostri
1803 3905 1832 3974 F
1836 3909 1961 3982 raneie

644 3930 764 4106 Regis
791 4005 1060 4080 detrimentum.
1108 4007 1175 4079 Per
1201 4005 1273 4077 hon
1298 4006 1393 4077 enim
1423 4000 1624 4074 Canonicas
1642 4001 1845 4076 electiones.
1871 4005 1958 4099 qui-

645 4098 711 4183 bus
737 4104 855 4183 [anua
871 4105 911 4185 &
932 4100 1118 4185 salubriter
1144 4099 1303 4184 ecclefiis
1328 4100 1650 4200 Metropolitanu,
1677 4100 1959 4272 Cathedffilgbus

1893 4224 1958 4272 na.-
