4884 5042
1100 543 1208 642 (33·)

500 682 723 760 dimittor&
743 679 970 757 tristabantur
986 677 1071 754 sacri
1091 679 1206 755 fures:
1235 679 1304 755 Sed
1324 680 1441 779 &ego
1461 682 1590 781 partim
1611 680 1812 778 dolebam,

501 782 614 857 nullas
631 783 721 856 mihi
740 780 906 878 obtigisse
924 781 1063 870 literas,
1088 780 1217 876 partim
1235 777 1456 875 gaudebam,
1483 783 1580 878 quod
1599 783 1714 857 adhuc
1732 781 1807 854 als·

501 885 579 976 quis
597 881 680 955 esset
698 883 735 953 in
754 881 854 952 coelo
876 881 996 968 Deus,
1021 878 1082 972 qui
1101 876 1210 949 vellet
1227 895 1375 973 peccata
1391 877 1496 948 etiam
1517 904 1583 975 pro
1601 882 1702 954 nullo
1716 888 1813 977 pre-³

499 979 583 1069 cio,
601 1001 662 1050 aut
681 978 831 1074 pecunia
849 981 1028 1047 remittere
1047 973 1453 1070 poenitentibus,·juxta
1471 975 1581 1066 illud,
1598 979 1696 1073 quod
1708 980 1812 1073 saepe'

502 1096 748 1159 mutaveram,
782 1079 865 1144 viva
882 1097 957 1168 ego,
982 1074 1063 1143 dicit
1082 1073 1269 1162 Dominus,
1294 1074 1364 1142 nolu
1381 1085 1517 1143 mortem
1528 1083 1708 1164 peccatoris
1727 1076 1800 1155 &a

502 1171 663 1241 Domine
690 1173 810 1260 Deus,
844 1189 885 1239 tu
910 1167 1026 1257 nosti,
1056 1169 1152 1263 quod
1173 1169 1231 1239 hic
1250 1167 1341 1240 nihil
1357 1168 1524 1238 mentior.
1565 1170 1799 1242 Totusenim

501 1265 618 1339 adhuc
643 1289 736 1337 eram
765 1265 801 1334 in
827 1260 1027 1335 densissimis
1047 1263 1219 1356 tenebris,
1250 1265 1300 1337 Et
1320 1283 1439 1335 tamen
1459 1285 1536 1337 tum
1556 1264 1739 1359 digredior
1756 1266 1801 1338 ab

498 1360 582 1435 illis.
626 1362 683 1434 Ita
697 1365 900 1436 commovit
918 1362 1071 1457 Spiritus
1089 1383 1206 1433 totum
1225 1384 1291 1433 cor
1309 1362 1346 1434 &
1363 1385 1494 1458 corpus
1513 1384 1655 1452 meum,
1683 1362 1812 1456 Spiri··
1879 1414 1883 1419 -

501 1476 559 1532 tus
572 1459 633 1532 ille
642 1454 747 1551 tuus,
764 1457 1005 1534 illustrator&
1017 1459 1243 1550 vivificator,
1262 1458 1510 1532 consolator&
1522 1479 1723 1532 renovator.
1751 1458 1802 1532 Et

418 1638 421 1642 ³
500 1572 600 1629 totus
618 1559 656 1629 in
674 1557 858 1630 lachrimas
876 1557 912 1625 in
928 1555 1108 1627 redeundo
1125 1559 1168 1627 ad
1187 1555 1381 1650 hospitium
1399 1557 1567 1647 volutor,
1588 1555 1800 1648 &orabam,

500 1670 564 1744 ut,
586 1657 669 1750 quia
687 1654 739 1726 illi
758 1653 847 1723 mihi
865 1672 1032 1748 negarent
1052 1655 1226 1746 gratiam,
1248 1671 1398 1747 propter
1413 1650 1592 1724 defectum
1614 1654 1812 1748 pecuniae,

501 1767 564 1842 tu,
589 1755 658 1822 mei
677 1749 860 1842 misertus,
886 1750 1000 1844 gratia
1019 1768 1080 1821 tua
1098 1752 1295 1822 remitteres
1313 1748 1401 1821 mihi
1422 1771 1591 1844 peccata,
1608 1749 1694 1822 esses
1711 1749 1811 1821 mihi*

500 1850 681 1942 propitius
708 1848 830 1937 Deus,
866 1848 902 1919 ὃ(
923 1867 961 1918 tu
981 1869 1038 1918 me
1056 1845 1263 1917 absolveres.
1306 1844 1502 1927 Redeosrc
1521 1847 1565 1918 ad
1585 1847 1810 1943 hospitium,

501 1943 733 2040 &ingredior
749 1943 892 2032 cubile,
919 1943 1158 2039 &imaginem
1178 1941 1314 2016 Christi
1333 1942 1523 2035 crucifixi,
1543 1967 1647 2041 quam
1667 1945 1814 2040 semper»

500 2038 538 2112 in
561 2040 679 2114 mensa
705 2039 814 2113 musei
841 2039 911 2112 mei
935 2040 1130 2130 habebam,
1155 2041 1302 2136 accepi,
1327 2042 1365 2112 dt
1384 2039 1483 2135 posui
1502 2040 1606 2140 super
1622 2042 1810 2115 scamnum

501 2137 542 2212 u·
562 2163 684 2213 coram
705 2137 766 2211 illa
782 2161 840 2210 me
858 2134 1030 2234 prostravi
1048 2137 1087 2208 in
1104 2155 1245 2208 terram.
1289 2135 1453 2209 Scribere
1469 2137 1531 2209 hic
1548 2162 1620 2211 non
1640 2138 1805 2234 pullum,

500 2231 557 2305 sed
583 2237 711 2310 sentire
737 2256 826 2308 tunc
853 2237 957 2331 potui
985 2235 1161 2329 Spiritum
1217 2235 1316 2306 ratiae
1345 2234 1382 2307 ὅ(
1408 2256 1577 2328 precum,
1612 2260 1719 2336 quem
1739 2254 1811 2330 tu,

503 2327 685 2420 Domine,
722 2333 822 2400 Deus
847 2356 967 2422 meus,
1004 2333 1040 2402 in
1067 2355 1165 2404 mee
1196 2332 1365 2402 undebas.
1409 2331 1496 2404 Erat
1513 2352 1630 2405 autem
1648 2334 1804 2427 summa,

485 2423 603 2518 xquod,
628 2421 795 2510 orabam,
831 2441 873 2494 tu
890 2427 980 2494 mihi
998 2427 1103 2496 Pater
1120 2427 1225 2517 effes,
1250 2449 1291 2499 tu
1310 2428 1398 2499 mihi
1418 2430 1616 2504 remitteres
1634 2450 1813 2529 peccata,-

504 2519 590 2618 Ego
608 2533 805 2592 me'totum
826 2517 892 2589 tibi
911 2518 1098 2608 dederam,
1123 2539 1164 2589 ut
1182 2522 1227 2591 de
1245 2545 1302 2591 me
1319 2524 1473 2614 faceres,
1493 2529 1664 2625 quicquid
1676 2529 1806 2622 velles,

504 2641 660 2712 cumque
676 2617 728 2687 illi
749 2615 838 2686 mihi
859 2615 1097 2784 fin‘e‘pecunia
1115 2614 1284 2686 nolebant
1303 2616 1372 2688 esse
1388 2621 1556 2712 gratiosi,
1574 2628 1806 2724 tumihigra·

504 2713 887 2789 rususueusuuner
950 2733 1006 2785 es:
1035 2711 1239 2784 Sentiebam
1254 2731 1367 2783 totam
1379 2734 1537 2786 naturam
1549 2740 1661 2791 meam
1674 2724 1817 2796 immu··

505 2795 594 2904 tari,
613 2811 818 2887 &taedebat
836 2803 976 2908 mejam
991 2810 1153 2880 omnium
1166 2831 1305 2900 rerum,
1323 2808 1469 2899 mundi,
1486 2814 1816 2893 etiamhu'usvitae·

505 2908 599 2983 satur
616 2908 684 2983 else
702 2909 869 3001 videbar,
887 2933 956 2981 una
972 2906 1159 3001 cupiebam
1170 2930 1254 2978 cum
1267 2905 1349 2978 Deo
1359 2905 1501 2995 vivere,
1520 2908 1569 2978 ita
1579 2930 1618 2981 ut
1630 2841 1814 3007 placerem·

506 3007 575 3079 illi(
597 3009 665 3080 Sed
685 3010 762 3103 quis
781 3007 839 3077 hic
857 3008 1094 3098 medoceret,
1112 3004 1322 3101 quomodo?
1349 3024 1482 3100 autper
1491 3027 1596 3101 quem
1608 3029 1707 3080 certo
1718 3018 1817 3097 con-³

496 3102 664 3200 sequerer
689 3102 920 3177 remissionem
949 3124 1202 3199 peccatorum,
1236 3104 1386 3200 gratiam
1415 3104 1453 3175 dc
1479 3105 1590 3175 vitam
1610 3107 1815 3194 aeternaml'·
1902 3125 1916 3136 ’

506 3200 691 3290 Verbum,
726 3205 799 3274 vita
826 3205 862 3275 &
890 3203 952 3274 lux
981 3203 1166 3272 hominum
1192 3221 1292 3274 erant
1311 3224 1373 3297 per
1391 3220 1510 3273 totum
1529 3201 1653 3284 urbem
1672 3202 1808 3302 sepulta

507 3299 540 3369 in
555 3296 766 3372 uenfiflimis
784 3299 937 3372 tenebris
956 3299 1185 3371 humanarum
1208 3301 1244 3372 ἃ
1267 3295 1538 3372 stultiffimarum
1558 3303 1808 3381 traditionum.

415 3403 419 3406 ’
506 3397 565 3470 De
592 3399 738 3470 Christo
765 3420 826 3470 aut
851 3396 1052 3470 altissimum
1078 3396 1283 3489 silentium,
1306 3415 1368 3469 aut
1386 3396 1655 3493 proponebatur
1672 3399 1818 3477 duriffia*

428 3503 431 3509 ’
507 3519 585 3568 mus
615 3495 720 3567 'udex
748 3520 853 3588 quem
881 3497 942 3566 vix
971 3515 1105 3584 mater,
1136 3495 1173 3569 ὃς
1195 3518 1318 3568 omnes
1335 3492 1464 3586 sandi,
1491 3497 1527 3566 in
1545 3495 1817 3600 coelissangui·³

507 3595 579 3665 neis
618 3595 784 3665 achrimis
810 3595 948 3689 placare
972 3591 1135 3690 posl'ent,
1169 3592 1218 3664 ita
1243 3612 1383 3685 tamen,
1417 3613 1458 3665 ut
1480 3596 1721 3692 paenitentem
1741 3622 1808 3696 pro

506 3690 669 3785 quolibet
695 3713 847 3788 peccato
875 3692 1016 3762 mortali
1042 3690 1085 3762 ad
1111 3688 1326 3784 septennalcs
1354 3713 1479 3785 poenas
1498 3697 1724 3793 purgatorii,
1750 3696 1814 3768 ni·-

507 3786 557 3857 hil
572 3786 778 3861 differentes
796 3789 840 3862 ab
861 3788 1021 3876 inferno,
1047 3785 1112 3859 nili
1130 3787 1228 3886 quod
1248 3811 1320 3859 non
1337 3786 1447 3860 esseut
1466 3811 1634 3884 oeternae,
1659 3812 1808 3887 protru-

507 3881 617 3956 deret.
660 3887 800 3978 Tamen
837 3888 931 3983 spem
969 3885 1057 3958 mihi
1092 3884 1302 3984 suggerebat
1331 3884 1511 3981 Spiritus,
1546 3888 1730 3979 futurum,
1764 3894 1816 3964 ut³

508 3977 608 4057 Deus
634 3983 724 4053 mihi
741 3984 850 4056 vellet
869 3985 1048 4080 propitius
1066 3982 1144 4055 elle.
1187 3982 1289 4080 Ergo
1307 3983 1444 4080 aliquot
1463 3984 1536 4057 dies
1554 3983 1745 4057 deliberavi
1763 3987 1809 4060 de

506 4075 645 4148 ratione
661 4082 825 4154 mutandi
843 4079 950 4156 status
968 4083 1069 4156 vitae.
1110 4079 1288 4250 ledebam
1306 4103 1454 4180 peccata
1471 4081 1616 4175 mundi,
1641 4082 1679 4157 dt
1697 4085 1817 4157 totius

517 4212 527 4221 „
1154 4226 1169 4250 Α
1695 4202 1807 4276 geue·
