4884 5042
1034 610 1037 615 -
1086 545 1226 639 (nr)

510 709 582 767 tuae
603 681 804 796 commistis,¹
823 701 896 787 quo
917 686 1075 787 mysteria
1097 690 1205 787 probe
1223 687 1437 785 pernoscant,
1458 687 1604 786 quoquo
1615 689 1794 789 niodopo·
1874 734 1877 739 <
1916 691 1919 697 '

510 807 578 872 tes,
604 788 784 858 emendum
796 787 890 881 injun
916 810 983 858 ere.
1032 784 1242 880 anuideni
1255 783 1417 854 industria
1436 804 1511 857 tum
1528 788 1569 863 ad
1588 787 1717 859 clerum
1733 803 1792 859 're-

406 919 409 935 ·
507 882 630 953 diturae
645 881 719 975 post
736 882 834 977 longa
848 811 948 951 exilia
961 879 1072 978 pietati
1085 879 1214 951 aditum
1228 877 1392 974 pandens,
1413 897 1488 948 tuin
1502 879 1610 974 ipsam
1626 882 1792 954 videberis
1918 913 1922 919 ·
1981 885 1994 948 J

506 991 627 1046 terrani
647 974 810 1070 subjicere
821 974 913 1139 (puali
927 975 1027 1047 Antei
1040 971 1191 1069 pedibus.
1243 974 1362 1044 Nemo
1374 972 1504 1044 medius
1523 973 1626 1047 fidius
1641 977 1791 1074 legendis

505 1066 575 1159 istis
587 1069 782 1166 religionem
798 1069 831 1140 C
858 1067 926 1140 rilli
946 1094 1014 1141 non
1030 1067 1150 1141 efficiet
1169 1066 1202 1139 in
1216 1065 1248 1139 se
1260 1067 1462 1163 pleniorem,
1485 1069 1672 1157 ut'iuterim
1684 1072 1791 1144 dein‘l

506 1163 706 1260 telligeutia,
728 1186 807 1258 quae
820 1163 895 1235 inde
913 1163 1139 1250 subnascitur,
1160 1180 1296 1233 taceam.
1346 1161 1489 1232 Nemini
1501 1184 1570 1232 non
1582 1162 1792 1259 inspirabunt

503 1258 633 1327 animos
646 1257 687 1329 ad
701 1255 851 1328 salutern.
900 1257 1085 1328 Neminem
1100 1260 1133 1328 in
1146 1255 1236 1351 spem
1255 1254 1378 1327 bonam
1399 1253 1501 1327 bonae
1518 1256 1627 1352 frugis
1645 1281 1712 1328 non
1729 1283 1790 1330 ex,

501 1351 689 1424 citabunt.-
716 1351 793 1422 Nisi
841 1353 891 1423 uis
922 1351 1005 1423 adeo
1025 1350 1132 1422 modis
1160 1350 1322 1421 omnibus
1340 1348 1487 1422 desertus
1515 1348 1601 1421 sicut
1627 1351 1791 1425 Phaiaoal

503 1442 600 1530 Deo,
615 1444 750 1541 prorsus
764 1445 797 1516 in
812 1374 929 1517 linium
942 1444 1157 1529 obduruerit,
1170 1442 1285 1515 similis
1312 1469 1355 1520 ue
1366 1443 1485 1514 Grillo
1497 1441 1599 1515 fuerit
1611 1442 1674 1528 illi,
1687 1468 1790 1539 quem
1824 1491 1828 1498 ·

503 1536 537 1607 iu
561 1541 651 1610 suern
666 1537 798 1611 :lCiree
814 1539 1034 1624 incantatum,
1057 1537 1159 1610 nullis
1180 1466 1524 1633 rationilius'Ulyffes
1538 1537 1629 1629 apud
1653 1539 1790 1613 Plutarv

502 1631 606 1702 chum
627 1635 794 1706 adducere
817 1633 945 1728 potuit,
972 1653 1009 1705 ut
1033 1632 1067 1704 in
1080 1631 1350 1705 hominemvelit
1363 1633 1486 1707 redire.
1536 1633 1713 1704 Nondum
1731 1632 1791 1708 au)¹

503 1723 569 1796 deo
588 1727 745 1808 equidem
768 1751 816 1797 riv
838 1742 907 1790 ολων
926 1729 1078 1808 perurerer
1104 1727 1221 1799 nollro
1237 1726 1365 1822 sperare
1382 1724 1506 1801 seculo.
1555 1725 1650 1798 Proh
1676 1727 1790 1823 pudor

502 1819 687 1896 etiamnum
706 1821 781 1898 sunt
793 1819 966 1891 inveterati
982 1819 1121 1913 quidam
1139 1820 1270 1892 dierum
1290 1820 1475 1908 malorum,
1513 1842 1602 1915 quos
1621 1821 1706 1893 inter
1720 1822 1789 1894 ve..

464 1961 474 1975 ,
500 1916 587 1985 neris
605 1916 790 2009 pudorem,
814 1912 926 2007 sordes
939 1913 1311 2004 Simoniacas,fastum,
1334 1917 1507 1986 luxuriam
1521 1938 1676 2002 omnem,
1696 1939 1790 1988 emo·

502 2006 530 2076 ri
544 2009 755 2102 pertinaciter
757 2010 866 2106 juvat.
915 2011 1111 2112 ¹llquoruni
1126 2010 1284 2107 sanguine
1296 2030 1380 2079 tunc
1392 2010 1530 2080 deinum
1543 2007 1640 2080 liberi
1652 2009 1792 2094 erimus,

504 2101 587 2172 dum
608 2102 783 2190 instamus,
809 2102 891 2173 duni
912 2125 1139 2192 increpamus,
1164 2123 1375 2199 opportune,
1399 2103 1604 2198 importune.
1655 2104 1790 2176 Nostro
1924 2157 1928 2167 -

502 2198 639 2290 quidem
666 2198 768 2294 penso
801 2196 911 2268 taliter
929 2193 1129 2292 persoluto,
1156 2195 1325 2279 scelerum.
1339 2197 1532 2285 vindicem,
1555 2196 1721 2271 dicentem
1732 2199 1793 2293 jur

501 2310 711 2387 extremum,
735 2289 826 2384 quasi
841 2290 962 2364 nostris
989 2291 1140 2386 partibus
1158 2291 1266 2386 probe
1282 2289 1469 2387 perfundi,
1496 2315 1659 2387 perquam
1682 2290 1792 2368 securi

502 2386 670 2453 lerenius..
710 2384 795 2452 Vale
809 2385 841 2462 in
855 2384 998 2457 Christo
1008 2385 1109 2475 Jesu,
1130 2384 1423 2458 Reverendiffime
1442 2386 1587 2466 Praesul‚
1612 2409 1714 2483 quem
1733 2386 1790 2460 ille

501 2473 634 2641 pietati,
658 2473 880 2569 moribusque
893 2474 975 2578 sanis
989 2475 1221 2562 instaurandis,
1244 2479 1303 2548 diu
1317 2477 1424 2554 servet
1440 2479 1659 2554 incolumem.
1697 2477 1789 2554 Basi-¹

517 2591 578 2640 eae.
601 2568 664 2640 111.
712 2566 794 2640 ldus
814 2567 972 2665 Augusti.
997 2571 1101 2640 Anno
1119 2570 1173 2640 M.
1192 2571 1243 2642 D.
1257 2594 1327 2642 xvi
1342 2598 1371 2646 i.
1767 2587 1773 2600 ·

981 2770 1133 2876 uum.
1170 2772 1306 2880 iiiii.
1425 2721 1429 2724 ’
1544 2899 1548 2906 ,

729 3108 731 3110 ,
840 2996 1019 3104 Leonis
1053 2996 1115 3101 X.
1155 2997 1330 3106 Pontis.
1366 2996 1483 3104 Ro·

880 3137 1077 3232 lliplomata
1097 3138 1359 3303 adACajetanum
1379 3137 1462 3208 duo.

665 3322 767 3397 Prius
783 3323 832 3396 est
854 3294 1072 3419 depromtum
1096 3351 1140 3399 ex
1164 3289 1511 3401 llOTTlNGERl
1532 3321 1629 3399 iliu.
1736 3396 1739 3406 ,

765 3418 896 3492 Eccles.
921 3420 991 3492 Sec.
1012 3423 1115 3494 XVl.
1135 3424 1243 3495 Tom.
1264 3425 1324 3496 lll.
1351 3442 1427 3519 pag.
1451 3420 1527 3494 180.
1629 3457 1631 3462 ·
1662 3466 1664 3470 .
1779 3494 1784 3502 .

954 3517 1321 3611 Qoemstmw:

481 3715 483 3718 ’
574 3701 645 3774 ΕΟ
663 3709 826 3798 Episcopus
834 3707 949 3797 servus
966 3711 1136 3776 Servorum
1147 3707 1314 3802 perdr'lello
1330 3712 1393 3795 filio
1404 3710 1545 3795 Thema,
1565 3709 1652 3777 rainl.
1669 3716 1700 3777 S.
1712 3714 1788 3778 Six-

435 3803 438 3809 ’
511 3878 518 3890 Ι
593 3803 620 3869 ri
643 3799 820 3899 Presbytero
837 3801 1026 3889 cardinali,
1048 3805 1094 3874 ad
1108 3801 1327 3893 Charifflmum
1349 3813 1382 3874 irr
1399 3804 1517 3878 Chrillo
1532 3803 1635 3883 filium
1653 3803 1789 3891 nostrum

503 3888 801 3980 Maximilianum
826 3901 859 3963 iri
888 3903 1107 3990 Imperatorem
1130 3902 1287 3981 elellum,
1318 3899 1413 3988 nostro
1440 3905 1480 3977 d*
1507 3893 1677 3990 Apollinea
1703 3897 1791 3967 Sedr'r

504 3990 623 4080 Legaio
631 3989 792 4080 firlurerrr,
814 3989 851 4065 ὃ(
871 3989 1104 4084 Apostolicam
1125 3991 1413 4177 (binedidlionem.
1437 4094 1442 4103 Ι
1462 3992 1583 4079 Cum,
1609 3988 1789 4095 postquam

1192 4110 1214 4186 3
1726 4109 1791 4157 eir·
