4884 5042
1154 549 1290 647 (¹81·)

637 701 690 778 sed
706 700 840 799 spiritali
861 699 975 778 afflatu
989 699 1174 798 illustrans,
1194 696 1380 797 purificans
1396 695 1621 794 pariter&ad
1641 699 1772 776 bonum
1796 725 1874 801 per.

634 799 822 873 ficiendum
835 797 1011 893 impellens
1030 797 1066 870 &
1081 793 1260 894 perficiens
1277 793 1457 893 legemque
1473 792 1672 893 adimplens.
1721 803 1796 872 llec
1812 824 1871 871 cen

627 897 702 991 fons
716 899 849 990 piarum
866 896 1023 962 allionnm
1039 916 1138 988 usqne
1154 891 1232 961 adeo
1246 888 1317 961 boni
1341 895 1439 960 emnie
1458 891 1568 961 ausser
1593 891 1715 986 existit,
1738 909 1777 966 ut
1803 893 1874 967 fine

638 987 732 1075 hac,
764 1011 833 1059 non
862 986 967 1059 modo
989 1009 1059 1059 non
1083 981 1299 1074 mutarent,
1334 981 1568 1081 quodcunque
1589 986 1689 1060 etiam
1714 1007 1875 1085 operetur

633 1080 764 1154 bonum
781 1080 815 1152 in
830 1079 991 1176 speciem,
1015 1103 1134 1154 verum
1151 1076 1296 1152 noxium
1312 1100 1454 1185 quoque
1468 1076 1505 1152 δί
1519 1078 1698 1173 pestilens;
1718 1095 1872 1174 atvero,

634 1174 657 1247 fi
677 1174 840 1250 cordibus
854 1175 1035 1248 hominum
1050 1175 1118 1246 boc
1135 1173 1183 1246 est
1200 1170 1378 1244 affediibus
1394 1169 1608 1262 inscribatur,
1625 1175 1696 1272 jam
1714 1198 1782 1247 uon
1809 1177 1872 1274 ipsi

634 1269 757 1348 vivunt
776 1288 836 1341 aut
856 1286 980 1368 agunt,
1002 1268 1056 1342 sed
1076 1268 1162 1341 vivit
1179 1267 1347 1372 potius'in
1364 1264 1443 1362 ipfis
1460 1264 1620 1372 Christus
1634 1322 1645 1356 ,
1658 1268 1707 1373 ⁹&
1719 1293 1788 1342 non
1801 1289 1870 1344 tam

632 1382 740 1463 agunt
762 1387 865 1460 quam
882 1383 1055 1460 aguntur,
1077 1363 1197 1461 utique
1217 1362 1367 1458 Spiritu,
1386 1383 1497 1458 eoque
1513 1359 1579 1433 filn
1597 1360 1665 1434 Der
1683 1360 1721 1436 de
1740 1364 1817 1436 sunt
1832 1365 1872 1440 ὃ(

633 1478 815 1547 vocantur,
829 1477 904 1529 tum
917 1455 987 1530 five
996 1456 1133 1549 bibant,
1148 1457 1266 1545 edant,
1276 1474 1336 1527 aut
1348 1453 1446 1527 etiam
1459 1455 1562 1527 animi
1573 1456 1678 1555 gratia
1689 1456 1873 1551 quaeritent

631 1550 779 1641 bulbos,
799 1571 837 1624 ut
856 1548 958 1623 estin
980 1551 1140 1625 cordibus
1157 1549 1310 1648 ipsorum
1330 1547 1450 1623 diffusi
1462 1549 1604 1623 charitas
1621 1574 1682 1649 per
1700 1551 1869 1646 Spiritum

637 1645 808 1733 sanetum,
829 1646 873 1718 im
889 1645 1003 1716 omnia
1014 1645 1089 1718 haec
1106 1645 1243 1717 condita
1254 1643 1433 1732 charitate,
1458 1642 1514 1740 pia
1531 1643 1624 1735 suut,
1648 1643 1757 1718 nubta
1775 1645 1870 1738 sunt,

634 1738 749 1813 Deum
766 1738 911 1836 spirant,
937 1737 1051 1811 divina
1069 1737 1269 1836 respiciunt,
1283 1761 1322 1810 ac
1338 1735 1518 1811 Christum
1537 1738 1776 1812 inhabitantem
1797 1740 1872 1836 pla·

632 1830 761 1907 niffiuie
773 1832 940 1921 referunt,
951 1854 1072 1929 atque,
1092 1853 1129 1904 ut
1143 1832 1336 1906 summatim
1344 1832 1414 1930 jam
1427 1831 1698 1929 compled'tamur
1709 1832 1785 1906 baec
1794 1857 1872 1907 om·

631 1930 707 2000 nia:
740 1929 788 2001 est
812 1927 866 2000 lex
890 1927 1035 2023 Spiritus
1061 1927 1176 2000 divina
1199 1928 1357 2024 quaedam
1383 1938 1553 2020 udenexne
1579 1926 1737 2001 humanae
1763 1929 1872 2002 menti

630 2021 741 2095 deitus
765 2023 893 2118 illapsa,
914 2027 950 2111 a)
979 2021 1175 2118 irrequieta,
1200 2021 1339 2119 perenni
1360 2019 1512 2126 impulsu
1538 2020 1668 2095 sursum
1693 2021 1784 2095 ciens
1795 2047 1872 2095 om·
2002 2061 2006 2068 ·

630 2118 708 2203 nin,
730 2141 797 2214 qun
812 2117 918 2189 homo
937 2115 1098 2188 &animo
1113 2116 1321 2213 pronojusta
1335 2113 1493 2214 percipit,
1517 2114 1554 2189 δι
1566 2114 1790 2195 summacum
1807 2140 1871 2191 vo·
1904 2118 1906 2122 ’

630 2211 760 2307 luprate
778 2232 964 2308 operatur;
1002 2219 1111 2301 „Hanc
1131 2208 1208 2284 veri
1230 2218 1279 2285 ita
1296 2213 1371 2284 dari
1392 2207 1413 2279 ei
1432 2217 1502 2283 Deo
1522 2213 1698 2302 contendit,
1722 2234 1759 2284 nt
1780 2217 1872 2286 nulla

630 2309 749 2399 prorsus
765 2310 948 2375 mortalium
965 2328 1054 2399 opera
1070 2313 1201 2378 emereri
1218 2330 1334 2402 queat.-
1383 2303 1471 2376 Eam
1486 2303 1591 2402 ipsam
1608 2305 1770 2403 appellari
1782 2330 1872 2406 quo·

633 2417 703 2490 que
721 2395 862 2466 subinde
872 2404 1036 2494 gratiam,
1058 2422 1199 2472 nonnun
1227 2423 1304 2471 uam
1315 2399 1436 2490 fidem,
1456 2402 1555 2496 legem
1572 2405 1663 2487 vite,
1685 2405 1785 2497 legem
1801 2409 1871 2498 Spi-

630 2493 727 2576 ritus,
751 2510 791 2558 ac
801 2488 900 2559 etiarn
911 2513 1027 2557 nevam
1038 2495 1147 2596 legem.
1227 2515 1265 2562 ac
1277 2490 1454 2562 solaetiam
1469 2491 1578 2594 legem
1590 2499 1768 2589 lennneyre,
1792 2513 1869 2568 tum

574 2622 578 2627 ·
629 2583 729 2655 etiam
755 2600 922 2678 praecepta
945 2581 1100 2671 Christi,
1124 2585 1163 2657 ὃ(
1184 2582 1372 2679 quamlibet
1390 2583 1460 2654 five
1479 2583 1643 2658 divinitus
1665 2583 1735 2659 five
1750 2587 1864 2662 datam

630 2676 827 2750 humanitus
851 2679 931 2749 vitae
952 2671 1142 2750 dodirinam
1161 2677 1321 2775 impleri,
1344 2675 1387 2749 de
1407 2677 1470 2751 luc
1488 2677 1568 2751 item
1585 2677 1738 2754 ceciniffe
1750 2682 1860 2755 Davi·

632 2774 733 2859 dem,
761 2780 834 2843 Lex
853 2779 919 2844 Dei
937 2779 969 2842 e’n
988 2771 1078 2844 corde
1093 2777 1196 2869 ipsus,
1222 2776 1262 2850 d*
1283 2797 1340 2843 non
1348 2772 1635 2870 ssrpplaentabuntnr
1643 2777 1763 2871 greffne
1778 2786 1866 2871 qus,-

631 2867 700 2941 Per
718 2867 803 2938 hanc
818 2867 851 2937 in
875 2889 998 2938 novam
1022 2888 1206 2941 creaturam
1228 2867 1400 2940 hominem
1420 2865 1617 2952 instaurari,
1645 2887 1748 2963 atque
1765 2867 1868 2963 idei),

571 2982 576 2991 ·
631 2964 695 3051 tit,
725 2968 758 3036 se
775 2959 859 3033 nihil
878 2961 1014 3061 exigere
1038 2961 1317 3131 praeparamimi‚
1343 2960 1427 3063 quin
1447 2958 1535 3034 tanti
1552 2959 1635 3035 huic
1650 2958 1869 3059 suscipiendae

631 3087 635 3098 =
1272 3080 1293 3164 3
1396 3135 1401 3144 ,
1769 3080 1868 3158 aptae-

628 3183 1870 3276 (a)PatetexbisceqnamTAULERosuo&Theologiae'leeetenieaemystica

569 3267 1867 3438 'l'l‘sllltl¹tlllltillltltltl‘llllllzltldillldinlll

576 3437 689 3504 edidit.
710 3455 808 3522 atque
828 3377 871 3502 de
889 3439 1145 3514 TAULERO,
1170 3460 1233 3506 non
1245 3378 1304 3504 diu
1325 3438 1457 3505 entend
1477 3435 1799 3521 &inguinarium
1822 3438 1865 3502 itu

569 3517 761 3604 scripserat:
787 3572 809 3600 ,‚
846 3523 878 3589 Si
891 3541 923 3589 te
937 3525 1091 3599 delellat,
1116 3544 1246 3607 puram,
1267 3519 1399 3589 solidam
1415 3522 1554 3603 untiquae
1571 3517 1759 3583 fimillimam
1773 3517 1806 3582 T
1809 3519 1866 3583 be·

566 3651 602 3684 .„
625 3605 766 3688 alogiam
788 3607 921 3690 legere,
947 3610 979 3673 in
1000 3606 1191 3672 Germanica
1219 3607 1262 3671 lin
1288 3626 1327 3672 ua
1349 3599 1502 3679 effusam,
1525 3601 1685 3668 sermones
1713 3599 1869 3680 johannis

577 3732 602 3765 „
625 3686 1119 3764 TnuLfin1,·Praeuicatoriae
1140 3689 1237 3754 Prole¹
1263 3691 1364 3764 ionis,
1387 3683 1446 3752 tibi
1463 3703 1652 3770 comparare
1668 3697 1781 3781 potes:
1805 3703 1866 3748 cu·

577 3815 603 3849 „
623 3768 675 3852 jus
690 3773 789 3835 totius
812 3773 905 3839 velut
919 3779 1082 3860 epitomen
1104 3792 1182 3838 ecce
1197 3773 1252 3838 bic
1272 3772 1328 3837 tibi
1344 3771 1449 3835 mitto.
1497 3768 1615 3915 Nerpue
1632 3785 1716 3831 emm
1733 3783 1795 3847 ego
1811 3766 1864 3832 vel

576 3899 606 3933 „.
622 3854 654 3917 in
668 3855 762 3919 latina
776 3855 829 3919 vel
849 3856 880 3919 in
905 3857 1007 3923 nostru
1030 3857 1136 3922 tinoua
1157 3855 1376 3940 Theologinm
1400 3851 1465 3917 vidi
1488 3852 1554 3917 salu
1580 3867 1715 3920 norem,
1738 3848 1769 3911 de
1784 3867 1865 3914 cum

578 3935 810 4085 »enneli
836 3910 1163 4090 niuniu
1185 3936 1396 4090 utun
1420 3929 1895 4106 urrunnun·

566 4060 603 4177 :i
618 4099 701 4183 quid
728 4041 980 4187 nus'sumuii„
1029 4043 1050 4108 S
1177 4069 1189 4104 ’
