4884 5042
1166 581 1275 683 (ro)

566 732 749 809 audaciam
777 725 941 804 adversus
962 726 1065 823 jura,
1092 717 1363 812 aussoritatcm,
1388 722 1605 817 majestatem
1624 724 1784 802 ccclefiae
1801 725 1867 800 sae·

568 834 737 906 rientem.
779 827 948 899 Vidimus
973 822 1078 895 maias
1103 818 1340 928 cupiditates,
1368 818 1479 892 diram
1498 828 1573 896 auri
1591 846 1697 924 atque
1715 823 1871 900 habendi

568 929 676 1003 satim.
718 924 888 999 Vidimus
915 924 1090 1018 inquam,
1124 919 1231 1008 vim,
1262 939 1428 1011 rapinas,
1462 919 1659 1016 adulteria,
1695 923 1870 1018 incestus,

570 1048 713 1099 omnem
748 1022 901 1117 denique
933 1019 1103 1092 scelerum
1132 1012 1266 1112 pestem
1293 1015 1342 1086 ita
1365 1012 1459 1088 sacra
1485 1018 1701 1116 profanaque
1726 1023 1871 1097 miscere

570 1124 711 1214 omnia,
739 1121 788 1191 ita
814 1121 850 1191 in
872 1115 1022 1189 [andam
1042 1112 1241 1186 naviculam
1261 1113 1437 1209 impetum
1456 1112 1592 1208 facere,
1618 1139 1659 1191 ut
1677 1143 1779 1214 paene
1796 1118 1871 1193 sce·

569 1221 685 1293 lerum
714 1214 884 1289 fluetibus
909 1215 969 1286 ina
990 1212 1080 1284 latus
1098 1211 1258 1301 dederit,
1282 1233 1323 1282 ac
1342 1234 1455 1310 prope
1472 1212 1581 1287 mersa
1599 1215 1636 1286 ὅ(
1656 1214 1874 1309 pessumdata

572 1315 628 1390 fit.
654 1313 793 1389 Rursus
812 1336 895 1386 cum
913 1336 958 1384 eo
976 1328 1143 1382 monente
1160 1306 1309 1405 spiritu,
1327 1312 1387 1381 cui
1407 1310 1511 1383 hodie
1525 1312 1802 1421 supplicationes
1811 1312 1873 1384 dea
1997 1324 2000 1328 ’

570 1432 664 1486 cetae
682 1412 784 1506 sunt,
808 1430 925 1507 patres
941 1408 983 1480 ad
995 1406 1181 1504 Synodum
1196 1405 1462 1503 confugerunt,
1480 1432 1743 1505 quamprimum
1754 1432 1875 1483 emen·

569 1510 722 1601 davere,
756 1505 989 1603 composuere
1015 1529 1061 1577 ue
1088 1505 1230 1594 omnia,
1264 1504 1401 1596 ventis,
1432 1506 1710 1604 turbinibusque
1723 1509 1876 1601 impera·

574 1608 714 1681 vere&
734 1603 833 1704 quasa
851 1605 888 1676 in
906 1530 1115 1677 tutissimum
1135 1620 1282 1699 portum
1301 1600 1431 1696 delati,
1456 1605 1632 1701 impetum
1652 1605 1801 1696 rationi,
1821 1605 1877 1676 im

569 1705 703 1801 juriam
729 1702 908 1795 Justitiae‚
943 1701 1032 1772 vitia
1055 1699 1204 1791 virtuti,
1240 1698 1465 1795 tempestates
1491 1726 1532 1774 ac
1552 1699 1682 1776 flud‘tus
1700 1699 1879 1776 serenitati

574 1799 885 1896 tranquilitatique
916 1797 1044 1872 cedere
1076 1796 1357 1893 compulerunt,
1399 1798 1646 1896 hymnumque
1671 1801 1880 1872 cecinetunt

571 1897 707 1972 Sansto
727 1898 901 1995 Spititui,
919 1895 1158 1993 piscatorum,
1178 1896 1283 1967 maris
1301 1916 1408 1993 atque
1424 1920 1594 1994 aquarum
1615 1899 1719 1989 Deo,
1743 1897 1833 1970 Can.
1845 1893 1880 1970 8.

569 2020 666 2092 squae
692 1998 806 2068 multae
827 2019 890 2069 nan
901 2010 1081 2089 potuerunt
1097 1997 1285 2091 extinguere
1302 1999 1489 2068 caritatem.
1533 1996 1584 2068 Et
1602 1995 1713 2068 illud:
1741 1994 1832 2067 Can.
1844 2014 1881 2068 τ.

573 2094 663 2188 Jana
678 2093 783 2172 hiems
798 2096 935 2189 transtit
952 2091 1056 2164 imber
1072 2092 1180 2182 abiit,
1207 2091 1251 2173 Θ
1268 2091 1411 2183 recefflt,
1427 2091 1527 2190 surge
1544 2097 1653 2167 amica
1670 2117 1765 2174 mea..
1779 2092 1884 2186 Jacet

569 2191 668 2283 enirn
698 2187 851 2290 sponsa,
884 2210 927 2265 ut
954 2189 1073 2263 bieme
1098 2184 1242 2263 frondes
1267 2186 1460 2278 arborum,
1496 2188 1610 2288 surgit
1630 2188 1883 2288 revirescitque

574 2286 805 2383 synodorum
835 2288 975 2379 studio,
1010 2306 1053 2361 ut
1078 2283 1176 2360 filvae
1201 2287 1295 2360 veris
1313 2305 1477 2386 tempore
1493 2306 1665 2361 revocato
1691 2285 1762 2361 sole
1781 2285 1883 2361 fron·

572 2383 753 2473 descunt,
784 2383 830 2451 ad
855 2383 936 2454 solis
961 2383 1141 2456 redeuntis
1166 2382 1305 2476 radios,
1339 2385 1377 2458 ὅ(
1403 2384 1548 2457 secundi
1573 2383 1705 2478 spirant
1722 2386 1774 2457 Ze
1803 2383 1883 2481 hyri

575 2478 614 2551 &
641 2477 726 2547 laeta
777 2474 926 2548 lantaria
950 2480 1174 2572 germinant:
1210 2482 1255 2550 ad
1283 2480 1512 2572 Synodorum
1542 2481 1685 2574 lumen,
1712 2482 1750 2556 δε
1768 2409 1884 2556 ‹sivim

573 2572 719 2672 spiritus
821 2588 987 2662 tautae,
1024 2573 1062 2646 bt
1088 2574 1246 2645 emortui
1272 2571 1447 2646 Ecclesiae
1472 2579 1571 2648 oculi
1597 2578 1816 2653 reviviscunt
1841 2601 1885 2655 tc

488 2720 494 2725 -
576 2672 758 2768 recipiunt
775 2669 918 2762 lucem,
937 2666 1001 2740 ubi
1017 2690 1097 2766 pars
1114 2666 1225 2741 altera
1242 2667 1414 2763 impletur
1427 2672 1563 2744 oraculi
1571 2673 1675 2765 Joan.
1690 2687 1745 2749 16.
1762 2685 1886 2751 iterum

578 2773 739 2844 modicum
764 2770 924 2843 uidebitis
948 2788 1023 2841 me„
1052 2764 1168 2866 Qrod
1195 2764 1340 2862 quidem
1367 2767 1458 2838 nihil
1484 2767 1579 2840 aliud
1607 2765 1671 2839 fibi
1689 2770 1792 2864 vult,
1819 2771 1886 2844 nis

575 2869 677 2966 quod
695 2863 815 2942 sandi
834 2865 991 2964 Spiritus
1008 2863 1095 2957 lux,
1119 2885 1201 2961 quae
1220 2861 1375 2962 Synodis
1391 2860 1522 2936 omissis
1536 2864 1787 2962 extinguitur,
1805 2885 1886 2941 tan·

579 2989 685 3062 quarn
712 2963 877 3040 excussus
903 2961 924 3036 ὲ
942 2961 1040 3037 silice
1057 2985 1174 3037 novus
1191 2960 1286 3061 ignis
1303 2961 1434 3034 iterum
1453 2960 1718 3036 accenditur&
1736 2986 1890 3061 recupea

578 3086 677 3136 ratur
696 3064 732 3134 in
749 3061 916 3159 Synodis.
942 3059 1001 3133 Ad
1020 3056 1508 3157 haecPaulusApostolorum
1525 3059 1654 3153 decus,
1673 3060 1886 3138 cumsosutis

577 3177 690 3255 caput
720 3158 952 3252 ostenderet,
986 3161 1121 3256 Absque
1137 3161 1240 3254 fide,
1273 3157 1414 3254 inquit,
1448 3157 1547 3230 Heb.
1571 3180 1625 3232 11.
1660 3159 1736 3233 Dea
1755 3161 1887 3254 placere

576 3260 668 3330 nullo
693 3260 785 3353 mado
806 3254 999 3353 possumus.
1043 3256 1159 3354 Atqui
1179 3255 1252 3330 sine
1271 3254 1425 3357 Synodis
1443 3253 1532 3330 stare
1549 3280 1623 3330 non
1641 3253 1759 3354 potest
1775 3253 1886 3353 fides,

576 3355 711 3453 absque
737 3353 878 3450 synodis
903 3355 1016 3452 igitur
1036 3352 1121 3428 salvi
1139 3352 1207 3430 effe
1225 3375 1299 3428 non
1316 3351 1512 3451 possumus.
1555 3354 1695 3429 Verum
1739 3355 1813 3441 uod
1829 3377 1887 3435 rt·

579 3457 680 3525 tione
697 3451 871 3544 dicimus,
889 3472 930 3525 ut
947 3453 1055 3525 etiam
1073 3455 1323 3552 experimento
1339 3450 1556 3549 probemus,
1573 3379 1807 3550 cogitandum
1818 3477 1887 3528 nod

532 3604 541 3623 ,
580 3549 635 3624 bis
661 3549 751 3642 est,
769 3570 841 3624 tres
867 3548 935 3622 effe
961 3550 1216 3625 credendarum
1244 3570 1362 3624 rerum
1380 3548 1514 3624 radices
1532 3570 1552 3622 e
1569 3550 1699 3649 quibus
1715 3551 1888 3627 universe.

582 3645 757 3722 Ecclefiae
784 3646 872 3721 fides
896 3667 1028 3721 manat.
1071 3650 1192 3723 Prima
1216 3646 1350 3721 divinae
1368 3664 1505 3721 naturae
1523 3646 1737 3724 iniussn:
1763 3651 1888 3724 Altera

579 3745 703 3819 eadem
723 3748 759 3819 in
776 3768 923 3836 natura,
949 3746 1130 3840 Parentis,
1155 3744 1309 3839 sobolis,
1326 3748 1477 3838 amoris,
1499 3743 1696 3822 feliciffinrt
1712 3747 1887 3822 Trinitas,

580 3842 712 3916 Tertia
730 3844 766 3916 in
785 3844 935 3941 virginis
948 3864 1076 3937 utero,
1092 3843 1348 3941 prolisdivinae
1358 3847 1566 3941 conceptio.
1593 3846 1637 3919 In
1646 3844 1775 3943 quibus
1785 3843 1887 3918 velu·
1928 3907 1930 3910 .

582 3940 612 4009 ti
637 3941 673 4010 in
689 3938 860 4015 altiffimis
877 3940 1039 4038 apicibus
1056 3966 1098 4016 ac
1114 3938 1328 4016 sanctissimis
1346 3941 1552 4037 montibus,
1581 3945 1619 4018 dc
1637 3943 1783 4038 reliquae
1802 3938 1887 4030 fides

585 4054 699 4127 partes
725 4061 882 4131 novem,
916 4039 954 4112 ὃς
980 4040 1094 4135 pietas
1119 4037 1281 4113 universa
1305 4039 1452 4114 fundata
1476 4041 1540 4116 est.
1582 4040 1636 4114 Ps.
1656 4037 1715 4114 86.
1749 4038 1887 4114 Fundos

585 4147 696 4203 measa
720 4137 807 4206 enim
831 4136 901 4228 ejus
923 4141 961 4210 ira
982 4140 1145 4216 mantibus
1160 4137 1304 4309 fragilis.
1346 4137 1477 4215 Unitas
1502 4151 1652 4234 nempe,-
1685 4152 1789 4212 mons
1813 4132 1887 4210 Dei

1263 4259 1284 4308 ι
1589 4292 1592 4296 .
1794 4244 1886 4309 ηυηὲ
