4884 5042
1141 590 1158 680 l
1174 612 1248 686 197·
1263 593 1278 684 )

568 740 623 814 tlae
638 743 687 825 (n)
698 759 820 838 utpar
836 739 975 813 futurus
991 735 1114 826 ess'em,
1136 738 1287 810 verebar.
1337 734 1423 808 Dixi
1437 739 1481 821 (ol
1501 755 1631 832 tamen,
1656 737 1764 812 sinon
1777 762 1847 812 ma·

569 859 734 934 gnaeum
753 836 866 921 laude,
894 836 1087 915 notamen,
1113 852 1152 903 ut
1165 856 1246 904 cum
1265 830 1403 929 optimis
1418 833 1613 932 quibusque
1630 835 1665 909 id
1687 834 1848 930 Princeps

569 931 638 1026 ipse
655 929 738 1002 boni
748 929 948 1002 consuleret.
998 925 1150 1024 Ubijam
1163 947 1355 1022 peroratum
1375 925 1469 1014 ellet,
1490 928 1604 1025 &jam
1617 928 1849 1014 omnesfinem

569 1045 751 1118 cuperent,
778 1021 992 1112 (effluxerant
1009 1022 1097 1094 enirn
1115 1022 1195 1093 duae
1220 1044 1317 1117 paene
1332 1017 1541 1115 clepfidrae,)
1565 1023 1682 1096 musici
1700 1024 1850 1119 aliquot,

569 1141 649 1189 meo
666 1117 805 1189 consilio
824 1116 857 1188 in
879 1118 944 1189 hoc
960 1116 1129 1204 adornati,
1151 1115 1266 1187 itidem
1284 1139 1344 1210 per
1357 1113 1526 1213 posticum
1541 1116 1727 1188 introdudti
1745 1118 1850 1189 canii·

569 1234 651 1283 cum
674 1211 775 1298 illud,
797 1211 895 1283 cu'us
916 1208 1049 1282 initium
1064 1208 1129 1282 cst:
1155 1219 1236 1282 Veni
1254 1213 1365 1281 Sansie
1385 1212 1536 1302 Spiritus,
1558 1207 1751 1282 suaviffimo
1767 1235 1851 1283 con·

571 1328 671 1378 centu
696 1235 981 1405 modulabantur,
1006 1304 1216 1376 auditoribus
1239 1302 1401 1376 omnibus
1421 1302 1455 1373 in
1475 1325 1586 1407 genua
1617 1303 1853 1377 venerabunde

571 1399 887 1494 procumbentibus.
936 1397 1005 1471 His
1015 1396 1108 1494 quasi
1125 1397 1595 1494 ruemrvurrantemendiano
1606 1418 1759 1494 tempore
1770 1422 1852 1470 con·

505 1559 509 1563 .
573 1491 686 1566 sumto
703 1499 737 1567 in
751 1492 930 1590 prandium
947 1492 1123 1565 discessum
1136 1492 1204 1580 est,
1228 1493 1265 1565 ὅ(
1277 1515 1338 1587 per
1352 1514 1544 1589 praeconem
1557 1491 1852 1564 totumauditori·

573 1608 632 1657 um
653 1612 672 1657 a
690 1589 829 1682 prandio
849 1587 956 1659 redire
968 1585 1109 1683 jussum.
1159 1586 1310 1659 Rediere
1331 1609 1448 1659 omnes
1465 1584 1742 1681 exspedlabundi.
1789 1578 1855 1658 Ca·

541 1686 546 1691 ’
572 1682 754 1767 rolastaditrs
775 1705 877 1778 arque
899 1689 1014 1752 Eccius
1035 1703 1185 1774 uterque
1200 1703 1266 1776 pro
1284 1679 1317 1751 se
1336 1704 1381 1753 ex
1400 1702 1496 1751 more
1516 1683 1644 1752 veniam
1658 1678 1795 1845 quaesati
1818 1679 1854 1753 in

572 1799 704 1846 arenam
729 1776 939 1848 descendere.
992 1777 1080 1846 lnter
1099 1773 1160 1847 hos
1186 1793 1349 1846 certatum
1371 1773 1420 1846 est
1442 1775 1481 1845 de
1502 1774 1599 1845 libero
1618 1802 1657 1845 ar
1679 1781 1775 1862 itrio,
1799 1773 1854 1845 vi·

572 1869 695 1941 delicet
718 1871 858 1941 utillud
886 1868 918 1940 se
937 1867 1072 1940 haberet
1091 1891 1169 1967 erga
1186 1892 1275 1964 opus
1302 1867 1447 1941 hominis
1470 1866 1620 1942 salutare.
1671 1869 1766 1940 Nam
1790 1877 1855 1940 Ca-

572 1964 752 2050 rolalladius
777 1964 928 2036 obtinere
954 1962 1128 2048 studebat,
1155 1962 1322 2060 quicquid
1346 1961 1380 2035 in
1401 1961 1503 2034 diuis
1527 1988 1566 2036 ac
1587 1961 1684 2036 saillis
1707 1962 1854 2034 hominis

572 2054 714 2129 silumre
740 2057 842 2145 elli-t,
873 2059 904 2129 id
931 2077 1042 2129 toturn
1075 2058 1184 2129 Deo
1213 2081 1276 2130 ceu
1305 2057 1367 2130 soli
1393 2056 1564 2130 bonorum
1590 2058 1745 2130 omnium
1769 2054 1856 2129 fonti

572 2149 706 2240 deberi3
727 2177 830 2248 porro
844 2151 989 2223 hominis
1004 2153 1214 2225 voluntatem
1233 2151 1293 2224 suo
1306 2150 1469 2225 consensu
1484 2152 1568 2224 nihil
1585 2153 1743 2224 bonitatis
1754 2153 1855 2224 adde·

574 2269 643 2331 re,
677 2249 731 2317 led
761 2266 890 2318 rantum
925 2247 1072 2321 coelestis
1109 2247 1226 2346 gratiae
1259 2245 1431 2320 influxum
1463 2249 1646 2344 excipere:
1678 2244 1856 2340 breviter,

572 2336 730 2408 DEUM
747 2342 812 2410 esl'e
836 2341 993 2429 fabrum,
1023 2341 1177 2412 nostrum
1201 2340 1385 2413 arbitrium
1405 2342 1588 2430 malleum,
1615 2365 1687 2435 quo
1706 2341 1767 2413 r'lle
1793 2367 1856 2413 no-

551 2429 674 2513 ,stram
694 2428 832 2501 salutern
860 2431 1010 2502 fabricet.
1066 2435 1137 2504 Cui
1159 2433 1329 2504 sententiae
1355 2432 1513 2529 haudqua
1541 2457 1616 2504 uam
1635 2434 1789 2505 absurdae
1813 2434 1854 2523 (li

573 2522 658 2617 quid
672 2522 706 2593 in
724 2520 774 2593 his
791 2525 861 2620 ipse
878 2523 1047 2627 intelligo,
1086 2545 1196 2595 totum
1217 2548 1315 2619 paene
1333 2525 1488 2598 triduum
1508 2458 1553 2596 ab
1574 2534 1671 2596 Eccio
1696 2529 1855 2600 reclama-

573 2634 648 2687 tum
662 2615 727 2702 est‚
749 2641 836 2714 opus
856 2617 1065 2688 meritorium
1087 2616 1147 2696 (lic
1159 2617 1250 2688 enim
1265 2641 1386 2709 vocare
1403 2617 1561 2706 solebat,)
1586 2621 1707 2715 partim
1723 2622 1853 2712 oratiae,

571 2712 694 2807 partim
713 2711 857 2782 bominis
872 2711 1036 2784 voluntati
1050 2714 1230 2785 tribuente.
1281 2711 1367 2783 Huc
1377 2714 1510 2785 tandem
1528 2737 1577 2785 res
1589 2716 1735 2786 devolve
1761 2737 1855 2806 atur,

572 2827 611 2876 ut
634 2813 750 2875 Eccius
771 2808 885 2893 daret,
908 2825 1019 2878 toturn
1040 2832 1128 2904 opus
1145 2802 1276 2877 bonum
1292 2805 1390 2878 elle'a
1414 2810 1507 2895 Deo,
1533 2807 1586 2879 sed
1604 2833 1672 2878 nnn
1690 2808 1853 2899 totaliter,

570 2928 679 2992 μακξα
697 2930 809 2995 wigen
829 2921 953 2993 dfferor
972 2933 1086 2996 ρητορων
1105 2936 1146 2974 ru
1157 2931 1219 2973 aare
1231 2909 1357 3000 συζυγων
1369 2934 1459 2976 veru.
1509 2900 1624 2991 Quam
1638 2899 1854 2973 distinffiun·
1877 2960 1887 2973 ,

572 2993 684 3062 eninm
717 3017 785 3062 non
804 3015 933 3064 rantum
965 2994 998 3064 in
1017 2995 1164 3090 praesens·
1187 2997 1285 3067 elufit
1314 2994 1563 3085 Carolostadius,
1596 2996 1649 3068 sed
1676 2997 1712 3068 ὅ(
1737 2997 1852 3092 poslea

573 3085 764 3184 longissima
780 3087 921 3182 epistola
942 3091 973 3158 in
996 3092 1121 3189 vulgus
1137 3087 1224 3161 edita
1243 3089 1495 3187 frigidissimum
1514 3109 1752 3163 'commentum
1768 3116 1852 3163 con·

573 3177 710 3252 furavit.
756 3181 829 3272 Qui
845 3181 938 3252 labor
956 3207 1058 3276 quarn
1078 3183 1148 3255 aliis
1168 3184 1346 3278 probetur,
1372 3183 1500 3257 nescio:
1528 3186 1611 3257 mihi
1630 3206 1735 3271 certe,
1757 3187 1853 3281 quod

571 3276 612 3344 ad
633 3275 762 3343 causam
784 3277 916 3362 attinet,
942 3277 1076 3349 abunde
1094 3277 1172 3348 fecit
1191 3278 1274 3351 sitis.
1323 3276 1484 3350 Succeflit
1497 3281 1702 3366 Carolostadio
1727 3289 1857 3351 Marri.

572 3394 643 3455 aas,
673 3367 912 3440 sustentaturus
939 3372 1023 3453 hnc,
1049 3376 1242 3479 Romanam
1271 3372 1450 3444 Ecclesiam
1475 3378 1616 3469 ejusque
1643 3375 1850 3472 Episcopum

570 3463 700 3536 catena
723 3462 925 3559 superiorem
947 3466 1081 3562 proban
1102 3489 1232 3538 rantum
1251 3489 1295 3539 ex
1314 3468 1455 3540 decretis
1480 3493 1588 3566 nuper
1606 3471 1710 3542 natis:
1737 3496 1854 3544 contra

1168 3561 1238 3660 Bb
1264 3584 1284 3665 3
1772 3591 1853 3661 quae

614 3734 663 3813 (nl
690 3737 769 3834 Ait,
788 3734 822 3821 le
836 3733 951 3833 geffiffe
961 3734 1122 3837 personam
1144 3736 1316 3825 Principis,
1337 3739 1413 3824 quia
1433 3734 1504 3824 ejus
1520 3739 1659 3818 nomine,
1683 3742 1731 3806 nti
1751 3745 1853 3823 paulo

567 3818 1213 3970 Ἢ)ἫἷυῖειῖῑὺῖιὲἳὶιῐρῶἶῐὶὶιΑἫ
1235 3902 1415 3970 Orationem
1435 3907 1523 3972 Ven.
1549 3903 1851 3974 Loesctrrssuus
1880 3854 1883 3861 Ι

570 3983 661 4046 Artis
684 3984 930 4070 deformationis,
960 3987 1134 4072 &qurum
1151 3989 1238 4053 rertii
1254 3990 1348 4051 'l'omi
1364 3989 1462 4072 capiti
1482 3990 1631 4064 decim0,
1655 4008 1685 4070 p,
1704 3993 1851 4065 567-5'8·

570 4060 737 4213 iqitgtaanq’ao
748 4071 885 4241 p¹r5iqr9qm
909 4068 1016 4140 suerat
1043 4072 1154 4161 Lipsrae
1178 4076 1210 4142 bt
1235 4070 1418 4143 01TONl
1437 4071 1455 4139 d
1473 4072 1596 4140 Paeti
1610 4072 1762 4158 inleripta
1781 4071 1852 4194 ipso
