4884 5042
1186 563 1202 654 l
1220 546 1319 657 ιη)

606 714 682 787 dem
714 736 787 809 quo
813 709 897 784 'olim
929 707 1043 779 animo
1069 705 1144 781 effe.
1193 710 1259 780 Sed
1283 706 1406 803 accipe.
1455 708 1628 799 Quoniam
1652 714 1832 805 franciscus
1862 712 1884 782 ὰ

606 814 796 908 Sicki'ngen,
823 802 1017 878 clariffimus
1042 801 1236 874 Germaniae
1263 824 1388 896 eques,
1419 802 1455 873 ὃ(
1483 804 1689 897 lmpcratorii
1715 804 1883 878 exercitus

603 904 813 998 capitaneuS,
836 927 886 969 me
902 902 1064 989 accerstvir
1081 921 1117 967 ut
1131 900 1299 989 familiam
1314 898 1408 987 suam
1426 895 1459 965 in
1480 898 1608 989 templo
1626 897 1817 971 Christiane
1834 901 1884 969 in·

600 997 796 1083 stituerem,
828 993 898 1064 imo
919 994 989 1090 jam
1018 990 1146 1086 pridem
1178 991 1356 1078 institutam
1370 991 1590 1085 spiritualibus
1611 991 1799 1080 sermonibus
1827 1017 1883 1088 pa·

600 1088 743 1162 scerem:
769 1087 850 1160 nihil
870 1107 936 1158 tam
959 1085 1107 1156 muneris
1126 1084 1190 1156 mci
1205 1086 1339 1177 putavi,
1363 1107 1465 1179 quam
1481 1105 1516 1154 ut
1531 1083 1580 1153 illi
1595 1085 1650 1155 lex
1668 1088 1882 1184 euangelica,

600 1183 786 1269 familiaris,
807 1183 962 1278 cognita,
986 1180 1069 1260 &in
1083 1201 1181 1283 prom
1209 1201 1245 1247 tu
1259 1176 1353 1264 cliet,
1375 1178 1464 1248 undc
1482 1177 1594 1272 postea
1608 1201 1664 1273 per
1688 1181 1822 1276 seipsam
1836 1181 1880 1253 ad

600 1299 679 1347 vcra
694 1273 1153 1373 synceraqucChristianrlmi
1201 1272 1279 1342 odia
1304 1270 1469 1358 tenderet,
1489 1295 1611 1365 nempe
1629 1295 1763 1366 pacem,
1786 1297 1882 1344 man·

601 1368 829 1456 suetudinem,
852 1368 1061 1455 modestiam,
1083 1365 1475 1457 charitatem,pieiatem,
1496 1366 1621 1436 &anre
1639 1366 1805 1454 omnia,e
1832 1391 1882 1438 re·

600 1467 690 1560 giam
709 1490 743 1536 m
758 1467 871 1535 Deum
888 1461 1061 1532 fiduciam.
1111 1463 1157 1530 Et
1163 1482 1217 1554 per
1231 1462 1297 1529 alies
1307 1459 1436 1552 quidem
1455 1456 1727 1556 quadragefimae,
1753 1391 1881 1557 quiims

599 1559 754 1644 aderam,
775 1557 857 1627 nihil
876 1554 1052 1643 obliairu,
1076 1552 1160 1647 quin
1179 1552 1307 1624 lecium
1321 1552 1419 1624 latine
1443 1558 1655 1650 Euangelr'um
1680 1579 1763 1624 rnox
1781 1553 1881 1626 inter·

601 1653 722 1745 prerari
745 1651 895 1744 poliem,
923 1650 958 1720 ὃ(
982 1647 1193 1748 xfamiliariter
1217 1649 1260 1716 ad
1293 1646 1421 1740 pietatis
1451 1648 1557 1718 studia
1586 1647 1782 1723 inhortarer.
1831 1651 1880 1722 At

592 1744 676 1838 post
697 1745 812 1838 pascha
835 1743 868 1814 id
886 1744 997 1814 minus
1014 1741 1234 1813 commodum
1256 1738 1337 1825 fuit,
1360 1742 1528 1811 nonenim
1542 1738 1679 1812 familiae
1706 1763 1817 1830 vacat,
1839 1763 1879 1815 ut

598 1829 919 1930 multamicrnporis
939 1856 1065 1931 partem
1086 1835 1119 1904 in
1143 1833 1272 1928 templo
1290 1834 1507 1920 transmittat,
1527 1833 1593 1905 alio
1612 1837 1810 1908 vocantibus
1821 1861 1880 1909 ne·

597 1932 716 2027 gociis.
768 1932 811 2000 Er
830 1930 928 2017 sunt,
954 1929 1079 2024 quibus
1103 1927 1322 2023 quantumvis
1349 1950 1452 2022 parva
1471 1927 1541 1999 illic
1562 1952 1679 2017 mora,
1706 1930 1878 2002 fastidium

597 2028 695 2118 parit.
746 2031 892 2118 Plerique
908 2046 1026 2109 tamen,
1053 2044 1088 2090 ut
1104 2026 1211 2115 ferme
1226 2023 1344 2116 ubique
1365 2049 1428 2089 mos
1444 2021 1508 2109 est,
1530 2047 1638 2092 amant
1658 2027 1797 2117 quotidie
1816 2053 1878 2093 au·

600 2119 684 2196 dire,
707 2128 768 2195 imo
784 2120 896 2189 videre
908 2120 1056 2210 ficorum:
1078 2115 1148 2186 imo
1164 2119 1279 2187 audire
1295 2139 1364 2186 non
1377 2113 1543 2186 intellcdia
1558 2116 1669 2186 nostra
1684 2142 1878 2208 murmura,
1901 2120 1904 2128 '

598 2212 635 2282 ὅ(
650 2211 796 2307 speciae
817 2208 1152 2298 cerernonias,adellc
1169 2206 1414 2295 benediciioni,
1435 2210 1472 2282 ὃ(
1492 2211 1623 2281 interim
1646 2211 1876 2304 perfundioric

595 2300 663 2375 sese
689 2307 765 2376 Deo
778 2307 1030 2390 commcndare,
1050 2323 1081 2373 ar
1109 2327 1151 2373 uo
1164 2303 1207 2374 ita
1226 2304 1271 2389 se,
1295 2304 1438 2397 illoquo
1451 2305 1525 2375 haec
1537 2304 1716 2378 observant
1733 2308 1805 2394 dic,
1828 2306 1875 2380 sa·

587 2396 638 2465 'tis
651 2396 724 2489 pios
736 2397 799 2465 elli:
811 2417 940 2488 putant.
992 2396 1053 2486 Qu
1096 2488 1097 2491 Ἴ
1120 2395 1192 2465 sane
1208 2398 1323 2493 exigui
1342 2395 1476 2466 frudius
1493 2399 1561 2470 est:
1585 2400 1621 2469 ὃ(
1639 2403 1742 2470 credo
1759 2400 1875 2496 pleris-

595 2508 663 2582 que
681 2488 812 2558 mtcrirn
825 2487 1094 2576 conducibilius,
1109 2489 1161 2557 vel
1179 2512 1285 2575 arare,
1308 2490 1363 2560 vel
1382 2509 1513 2577 texere,
1535 2493 1589 2562 vel
1608 2491 1697 2587 ligna
1714 2494 1876 2583 incidere,

592 2582 650 2651 vel
663 2581 752 2652 aliud
768 2580 926 2676 quiddam
940 2604 1063 2675 operae.
1112 2585 1279 2674 Templum
1296 2591 1381 2651 enim
1396 2583 1582 2671 Christianis
1600 2602 1691 2656 totus
1702 2587 1872 2659 orbisest:

582 2673 633 2745 ·&
647 2673 810 2780 nusquam
824 2698 892 2744 non
906 2696 1017 2757 orare,
1037 2674 1073 2744 &
1093 2671 1207 2744 Deum
1220 2674 1349 2760 colere,
1363 2680 1478 2768 spiritu
1500 2684 1539 2752 o*
1555 2683 1691 2746 veritate
1715 2686 1769 2762 (ut
1787 2682 1893 2765 scilic,

594 2790 646 2839 cet
662 2769 729 2839 colr
751 2770 965 2862 vulti-atque
980 2766 1079 2841 ctiam
1104 2769 1248 2862 preculis
1269 2765 1459 2856 labiorum,
1483 2771 1520 2840 ὃ(
1545 2769 1703 2844 laudibus
1720 2781 1873 2864 conuenit.

570 2866 726 2955 *Temple
742 2862 989 2948 Christianorum
1000 2870 1141 2933 maxime
1152 2859 1307 2932 enuncia
1320 2860 1412 2949 sunt,
1436 2884 1472 2932 ut
1485 2862 1517 2932 in
1532 2862 1579 2933 eis
1593 2865 1807 2936 commodius
1829 2871 1875 2937 ad

579 2959 787 3026 medicandum
814 2958 949 3027 verbum
976 2966 1063 3036 Dei.
1090 2963 1131 3033 (θ’
1146 2956 1289 3054 mysteria
1304 2955 1489 3026 celebranda
1514 2955 1773 3042 conveniretur:
1802 2984 1872 3033 non

592 3050 812 3154 adeuproprer
836 3076 954 3146 preces,
977 3057 1016 3127 (ῥ’
1034 3055 1213 3124 cantilenas.
1263 3050 1403 3125 Tametfi
1415 3077 1498 3121 nunc
1514 3055 1609 3120 nullis
1632 3074 1700 3121 non
1715 3054 1873 3125 tumulti·

593 3139 658 3212 bus
672 3153 732 3220 lita
748 3144 871 3216 enimi
907 3145 1053 3242 rophetis
1065 3166 1181 3216 cantus
1193 3144 1408 3239 quorundam
1420 3146 1618 3233 dicunturz)
1643 3145 1786 3219 verbum
1804 3148 1871 3220 Dei

591 3235 729 3319 cedere,
752 3234 863 3309 &esic
881 3170 956 3308 iiico
968 3240 1138 3334 postremo
1155 3239 1301 3335 cogitur.
1354 3241 1469 3334 ltaque
1485 3239 1526 3309 dc
1546 3261 1584 3308 ca
1598 3262 1650 3323 re,
1671 3262 1750 3310 cum
1771 3252 1871 3313 Fran·

576 3337 666 3422 misce
691 3331 886 3403 Decurione
908 3332 943 3403 ὅ(
965 3352 1106 3427 patrono
1122 3335 1209 3439 egi,
1226 3351 1261 3404 ut
1280 3335 1472 3426 quotidiana
1490 3332 1601 3426 aliqua
1624 3333 1709 3403 sacra
1727 3335 1870 3410 lediione

572 3422 627 3505 „in
644 3425 773 3520 templo
799 3424 847 3497 sui
866 3429 1097 3520 palccrcntur,
1125 3425 1304 3520 visumque
1319 3426 1368 3500 cst
1386 3426 1445 3524 ipfi
1470 3429 1623 3514 (uinctis
1649 3426 1697 3497 cst
1721 3429 1867 3516 'udicii,)

576 3539 653 3589 :nec
683 3542 750 3590 non
779 3519 815 3591 ἃ
846 3518 1018 3592 nobilibus
1041 3520 1078 3594 &
1101 3519 1285 3594 clariffimis
1316 3523 1396 3593 viris
1426 3522 1573 3592 Dierhero
1597 3519 1616 3592 ai
1642 3525 1678 3590 T
1675 3453 1805 3621 aldurg,
1831 3528 1868 3599 ὅ(

573 3615 787 3692 -llartmn‘dio
811 3613 833 3684 ὶ
854 3611 1030 3712 Cronberg,
1054 3638 1143 3711 quos
1168 3636 1206 3688 tu
1234 3616 1320 3700 scis,
1340 3608 1455 3710 quam*
1473 3637 1551 3685 vere
1572 3613 1755 3686 Christiani
1783 3616 1869 3707 sint,

587 3707 715 3792 visum,
739 3710 896 3870 inquam,
916 3707 1044 3793 osteis,
1064 3712 1117 3802 effe
1133 3716 1166 3778 in
1183 3736 1250 3779 rem
1272 3711 1405 3779 rudium
1424 3715 1463 3786 o*
1479 3716 1618 3802 piorum,
1642 3708 1664 3779 si
1681 3709 1869 3782 invertatur

591 3802 742 3900 vulgaris
760 3802 781 3872 il
796 3826 815 3874 e
832 3826 929 3886 mos,
950 3826 1021 3898 quo
1040 3802 1185 3875 solemus
1201 3804 1352 3873 dominico
1367 3829 1491 3875 tantum
1505 3805 1556 3873 die
1568 3802 1703 3873 verbum
1724 3802 1867 3875 Domini

573 3914 795 3978 annuntiare,
818 3896 854 3969 &
874 3920 931 3991 per
950 3898 1110 3994 integram
1134 3884 1377 3975 hebdomadam
1397 3903 1512 3989 Mrffias
1529 3897 1658 3968 habere:
1682 3917 1719 3967 ur
1733 3896 1867 3989 potius,

571 3988 749 4061 'omnibus
765 3988 886 4063 diebus
909 3996 1126 4067 annuntietur
1145 3991 1297 4076 verbum
1308 3993 1467 4083 Domini,
1481 3993 1527 4068 -&
1541 3990 1618 4064 solis
1634 3989 1810 4064 dominicis
1828 4017 1868 4064 ac

1192 4088 1222 4161 V
1248 4107 1269 4188 3
1815 4083 1867 4169 fef
