4884 5042
860 647 1601 777 ororcnrro
1721 566 1724 573 ⁵

595 889 770 988 num,
814 884 995 1011 quam
1018 843 1319 1007 Principes
1343 843 1727 987 constituunt,
1756 890 1884 1014 par-

590 1052 678 1156 te,
733 1007 1059 1145 tariffimam
1106 1011 1346 1132 miratur
1370 1012 1563 1134 omnis
1586 1050 1757 1175 atque
1780 1018 1885 1139 de-

590 1181 863 1347 praedicat
885 1176 1088 1314 Orbis,
1133 1215 1328 1335 neque
1351 1217 1614 1337 unquam
1640 1179 1886 1305 silebunt

590 1347 845 1472 Annales
875 1342 941 1466 ac
967 1339 1140 1480 Fasti3
1197 1339 1460 1464 Tantum
1487 1343 1673 1484 abest,
1719 1382 1781 1466 ut
1806 1391 1885 1471 eae

585 1517 686 1637 vel
710 1511 906 1634 nostro
944 1503 1243 1665 indigeant
1275 1507 1555 1666 penicillo
1587 1590 1604 1646 ,
1665 1515 1762 1633 vel
1794 1517 1883 1636 nl-

589 1674 660 1798 lis
695 1714 848 1835 opus
879 1670 1132 1792 habeant
1153 1669 1471 1791 verborum
1501 1680 1880 1823 ornamentis,

582 1839 793 2003 quibus
815 1838 1199 1974 illustrentur,
1237 1871 1302 1959 ut
1320 1839 1515 2000 potius
1540 1842 1729 1966 verbis
1751 1843 1880 2009 iplis

579 2005 952 2170 splendorem
1011 2000 1410 2143 foenerentor,
1474 2043 1651 2171 atque
1697 2012 1881 2140 decus

575 2174 908 2300 concilient.
1002 2170 1071 2295 ld
1111 2208 1311 2296 tamen
1355 2214 1544 2297 unum
1581 2219 1685 2338 per
1725 2183 1879 2304 TU·

580 2348 700 2466 AM
726 2344 875 2466 mihi
897 2341 1566 2464 liceatcommemorare
1587 2346 1876 2470 Humani·

573 2538 791 2642 tatem,
836 2507 1058 2665 quippe
1085 2505 1281 2663 quod,
1307 2547 1384 2625 ne
1411 2510 1754 2649 reticeatur,
1785 2513 1873 2634 in-

575 2671 752 2793 terest
787 2666 1150 2831 posteritati,
1205 2669 1360 2786 inter
1392 2711 1488 2792 cas
1525 2713 1735 2796 omnes
1775 2719 1877 2798 ex-

576 2833 823 2971 cellere,
848 2828 1038 2994 iisque
1050 2843 1334 2954 coronam
1350 2829 1658 2994 imponere
1680 2916 1694 2969 ,
1720 2837 1876 2967 sum.
1985 2900 1993 2910 -

481 3113 484 3121 .
574 3020 755 3127 mum·
779 2998 955 3126 illum
981 2998 1096 3122 TU
1110 2993 1242 3165 UM
1256 3078 1274 3136 ,
1328 2991 1446 3122 stne
1470 3002 1636 3125 omni
1655 2998 1874 3140 fuco&

539 3163 936 3294 ¹alfeilatione
972 3161 1215 3302 Zelum‚
1260 3206 1383 3326 quo
1411 3171 1870 3329 puram‘Christi

569 3335 928 3501 religionem
953 3332 1347 3498 prosequeris,
1375 3332 1614 3498 ejusque
1641 3343 1868 3468 confes·

568 3502 719 3628 sores
741 3510 799 3627 &
820 3494 1191 3636 defensores,
1215 3496 1303 3621 uti
1327 3498 1644 3625 liberaliter
1665 3503 1865 3654 foves,

569 3669 647 3792 ita
683 3672 850 3795 omni
889 3707 1071 3831 opera
1110 3706 1176 3789 ac
1216 3662 1404 3787 studio
1448 3667 1868 3836 strenuenclju-

569 3879 698 3976 vas,
755 3878 866 3961 nec
906 3870 971 3959 ut
996 3832 1104 3968 iis,
1160 3870 1268 3994 per
1295 3832 1564 3961 santones
1590 3839 1864 3981 nefarias,

570 4039 852 4168 quarente
867 4037 1279 4231 paucosarppos
1297 3997 1736 4127 libertinorum
1758 4009 1864 4171 Sy-

669 4241 675 4250 f
1157 4278 1164 4287 .
1252 4209 1283 4287 2
1768 4213 1864 4292 nn-
