<?xml version="1.0" encoding="UTF-8"?>
<!DOCTYPE html PUBLIC "-//W3C//DTD XHTML 1.0 Transitional//EN"
    "http://www.w3.org/TR/xhtml1/DTD/xhtml1-transitional.dtd">
<html xmlns="http://www.w3.org/1999/xhtml" xml:lang="en" lang="en">
 <head>
  <title>
</title>
<meta http-equiv="Content-Type" content="text/html;charset=utf-8" />
  <meta name='ocr-system' content='tesseract 3.04.00' />
  <meta name='ocr-capabilities' content='ocr_page ocr_carea ocr_par ocr_line ocrx_word'/>
</head>
<body>
  <div class='ocr_page' id='page_1' title='image "./introductioinhi00gerdgoog/introductioinhi00gerdgoog_0025.png"; bbox 0 0 4884 5042; ppageno 0'>
   <div class='ocr_carea' id='block_1_1' title="bbox 408 555 1975 4236">
    <p class='ocr_par' dir='ltr' id='par_1_1' title="bbox 408 555 1975 4128">
     <span class='ocr_line' id='line_1_1' title="bbox 596 555 1581 672; baseline -0.004 0"><span class='ocrx_word' id='word_1_1' title='bbox 596 555 1581 672; x_wconf 45' lang='lat' dir='ltr'>‘PaRAEF&#39;ATIQ</span> 
     </span>
     <span class='ocr_line' id='line_1_2' title="bbox 566 729 1824 886; baseline -0.003 -44.182"><span class='ocrx_word' id='word_1_2' title='bbox 566 729 838 886; x_wconf 38' lang='lat' dir='ltr'>&#39;jam-quod</span> <span class='ocrx_word' id='word_1_3' title='bbox 874 776 952 867; x_wconf 91' lang='lat' dir='ltr'>ea,</span> <span class='ocrx_word' id='word_1_4' title='bbox 998 776 1097 880; x_wconf 81' lang='lat' dir='ltr'>quae</span> <span class='ocrx_word' id='word_1_5' title='bbox 1130 737 1236 842; x_wconf 92' lang='lat' dir='ltr'>huic</span> <span class='ocrx_word' id='word_1_6' title='bbox 1270 750 1410 882; x_wconf 90' lang='lat' dir='ltr'>Operi</span> <span class='ocrx_word' id='word_1_7' title='bbox 1443 737 1674 885; x_wconf 88' lang='lat' dir='ltr'>quoddam</span> <span class='ocrx_word' id='word_1_8' title='bbox 1710 772 1824 839; x_wconf 76' lang='lat' dir='ltr'>con·</span> 
     </span>
     <span class='ocr_line' id='line_1_3' title="bbox 506 871 1826 1007; baseline -0.007 -24"><span class='ocrx_word' id='word_1_9' title='bbox 506 882 664 983; x_wconf 80' lang='lat' dir='ltr'>ciliaut</span> <span class='ocrx_word' id='word_1_10' title='bbox 702 880 894 1007; x_wconf 88' lang='lat' dir='ltr'>lumen,</span> <span class='ocrx_word' id='word_1_11' title='bbox 938 877 1107 980; x_wconf 89' lang='lat' dir='ltr'>adtinet</span> <span class='ocrx_word' id='word_1_12' title='bbox 1141 877 1456 1001; x_wconf 84' lang='lat' dir='ltr'>Numismata‚</span> <span class='ocrx_word' id='word_1_13' title='bbox 1512 913 1563 982; x_wconf 88' lang='lat' dir='ltr'>ea</span> <span class='ocrx_word' id='word_1_14' title='bbox 1598 912 1692 978; x_wconf 89' lang='lat' dir='ltr'>non</span> <span class='ocrx_word' id='word_1_15' title='bbox 1729 871 1826 976; x_wconf 79' lang='lat' dir='ltr'>sttot</span> 
     </span>
     <span class='ocr_line' id='line_1_4' title="bbox 501 1008 1825 1252; baseline -0.008 -134"><span class='ocrx_word' id='word_1_16' title='bbox 501 1020 630 1137; x_wconf 81' lang='lat' dir='ltr'>alia,</span> <span class='ocrx_word' id='word_1_17' title='bbox 673 1052 811 1156; x_wconf 87' lang='lat' dir='ltr'>quam</span> <span class='ocrx_word' id='word_1_18' title='bbox 840 1049 977 1252; x_wconf 76' lang='lat' dir='ltr'>quae,</span> <span class='ocrx_word' id='word_1_19' title='bbox 1022 1016 1126 1114; x_wconf 88' lang='lat' dir='ltr'>licet</span> <span class='ocrx_word' id='word_1_20' title='bbox 1158 1020 1321 1114; x_wconf 90' lang='lat' dir='ltr'>rariora</span> <span class='ocrx_word' id='word_1_21' title='bbox 1355 1008 1476 1134; x_wconf 84' lang='lat' dir='ltr'>fior,</span> <span class='ocrx_word' id='word_1_22' title='bbox 1521 1050 1606 1115; x_wconf 89' lang='lat' dir='ltr'>nec</span> <span class='ocrx_word' id='word_1_23' title='bbox 1637 1013 1825 1144; x_wconf 83' lang='lat' dir='ltr'>cujusvis</span> 
     </span>
     <span class='ocr_line' id='line_1_5' title="bbox 507 1145 1824 1277; baseline -0.008 -22"><span class='ocrx_word' id='word_1_24' title='bbox 507 1162 697 1255; x_wconf 69' lang='lat' dir='ltr'>cruciata</span> <span class='ocrx_word' id='word_1_25' title='bbox 732 1162 854 1252; x_wconf 89' lang='lat' dir='ltr'>mani</span> <span class='ocrx_word' id='word_1_26' title='bbox 887 1189 957 1277; x_wconf 89' lang='lat' dir='ltr'>us,</span> <span class='ocrx_word' id='word_1_27' title='bbox 995 1179 1147 1250; x_wconf 85' lang='lat' dir='ltr'>tamen</span> <span class='ocrx_word' id='word_1_28' title='bbox 1180 1150 1251 1248; x_wconf 84' lang='lat' dir='ltr'>sua</span> <span class='ocrx_word' id='word_1_29' title='bbox 1287 1163 1333 1250; x_wconf 77' lang='grc' dir='ltr'>δι</span> <span class='ocrx_word' id='word_1_30' title='bbox 1366 1156 1612 1249; x_wconf 85' lang='lat' dir='ltr'>veritate&amp;</span> <span class='ocrx_word' id='word_1_31' title='bbox 1637 1145 1824 1248; x_wconf 86' lang='lat' dir='ltr'>authen·</span> 
     </span>
     <span class='ocr_line' id='line_1_6' title="bbox 508 1282 1824 1426; baseline 0 -48"><span class='ocrx_word' id='word_1_32' title='bbox 508 1295 674 1389; x_wconf 81' lang='lat' dir='ltr'>ricitate</span> <span class='ocrx_word' id='word_1_33' title='bbox 692 1290 864 1426; x_wconf 84' lang='lat' dir='ltr'>pridem</span> <span class='ocrx_word' id='word_1_34' title='bbox 879 1293 1095 1390; x_wconf 86' lang='lat' dir='ltr'>Virorum</span> <span class='ocrx_word' id='word_1_35' title='bbox 1117 1292 1374 1388; x_wconf 71' lang='lat' dir='ltr'>Dodrorum</span> <span class='ocrx_word' id='word_1_36' title='bbox 1393 1282 1650 1384; x_wconf 80' lang='lat' dir='ltr'>conlenfirm</span> <span class='ocrx_word' id='word_1_37' title='bbox 1675 1295 1720 1380; x_wconf 77' lang='grc' dir='ltr'>δι</span> <span class='ocrx_word' id='word_1_38' title='bbox 1744 1314 1824 1418; x_wconf 87' lang='lat' dir='ltr'>ap-</span> 
     </span>
     <span class='ocr_line' id='line_1_7' title="bbox 502 1413 1822 1564; baseline -0.008 -39"><span class='ocrx_word' id='word_1_39' title='bbox 502 1423 1227 1564; x_wconf 56' lang='lat' dir='ltr'>probationemcommeruerunn</span> <span class='ocrx_word' id='word_1_40' title='bbox 1261 1431 1387 1553; x_wconf 76' lang='lat' dir='ltr'>Prior</span> <span class='ocrx_word' id='word_1_41' title='bbox 1405 1428 1615 1553; x_wconf 81' lang='lat' dir='ltr'><strong>nummus</strong></span> <span class='ocrx_word' id='word_1_42' title='bbox 1639 1413 1707 1519; x_wconf 79' lang='lat' dir='ltr'>est¹</span> <span class='ocrx_word' id='word_1_43' title='bbox 1723 1418 1822 1539; x_wconf 82' lang='lat' dir='ltr'>ille,</span> 
     </span>
     <span class='ocr_line' id='line_1_8' title="bbox 507 1556 1821 1698; baseline -0.009 -39"><span class='ocrx_word' id='word_1_44' title='bbox 507 1569 587 1697; x_wconf 80' lang='lat' dir='ltr'>qui</span> <span class='ocrx_word' id='word_1_45' title='bbox 617 1596 720 1697; x_wconf 76' lang='lat' dir='ltr'>pag,</span> <span class='ocrx_word' id='word_1_46' title='bbox 754 1597 831 1685; x_wconf 86' lang='lat'>19.</span> <span class='ocrx_word' id='word_1_47' title='bbox 877 1564 1093 1687; x_wconf 87' lang='lat' dir='ltr'>occurrit,</span> <span class='ocrx_word' id='word_1_48' title='bbox 1145 1556 1280 1698; x_wconf 89' lang='lat' dir='ltr'>quern</span> <span class='ocrx_word' id='word_1_49' title='bbox 1311 1559 1696 1660; x_wconf 80' lang='lat' dir='ltr'>-LUDOVICUS</span> <span class='ocrx_word' id='word_1_50' title='bbox 1720 1556 1821 1665; x_wconf 78' lang='grc' dir='ltr'>ΧΠ.</span> 
     </span>
     <span class='ocr_line' id='line_1_9' title="bbox 510 1692 1959 1849; baseline -0.009 -58"><span class='ocrx_word' id='word_1_51' title='bbox 510 1695 758 1826; x_wconf 84' lang='lat' dir='ltr'>Galliarum</span> <span class='ocrx_word' id='word_1_52' title='bbox 799 1698 922 1815; x_wconf 81' lang='lat' dir='ltr'>Rex,</span> <span class='ocrx_word' id='word_1_53' title='bbox 953 1694 1008 1790; x_wconf 93' lang='lat' dir='ltr'>ad</span> <span class='ocrx_word' id='word_1_54' title='bbox 1034 1692 1141 1849; x_wconf 72' lang='lat' dir='ltr'>Julii</span> <span class='ocrx_word' id='word_1_55' title='bbox 1164 1693 1393 1796; x_wconf 67' lang='lat' dir='ltr'>Pontificio</span> <span class='ocrx_word' id='word_1_56' title='bbox 1409 1698 1574 1793; x_wconf 77' lang='lat' dir='ltr'>littores</span> <span class='ocrx_word' id='word_1_57' title='bbox 1591 1694 1825 1791; x_wconf 74' lang='lat' dir='ltr'>re&#39;uincen&#39;-</span> <span class='ocrx_word' id='word_1_58' title='bbox 1957 1775 1959 1778; x_wconf 76' lang='grc'>,</span> 
     </span>
     <span class='ocr_line' id='line_1_10' title="bbox 501 1824 1820 1965; baseline -0.008 -34"><span class='ocrx_word' id='word_1_59' title='bbox 501 1830 593 1931; x_wconf 83' lang='lat' dir='ltr'>-doo</span> <span class='ocrx_word' id='word_1_60' title='bbox 608 1830 723 1926; x_wconf 86' lang='lat' dir='ltr'>cudi</span> <span class='ocrx_word' id='word_1_61' title='bbox 742 1827 868 1952; x_wconf 88' lang='lat' dir='ltr'>fecit,</span> <span class='ocrx_word' id='word_1_62' title='bbox 915 1843 960 1930; x_wconf 75' lang='grc' dir='ltr'>δι</span> <span class='ocrx_word' id='word_1_63' title='bbox 991 1863 1111 1965; x_wconf 65' lang='lat' dir='ltr'>cujus</span> <span class='ocrx_word' id='word_1_64' title='bbox 1130 1824 1279 1930; x_wconf 86' lang='lat' dir='ltr'>saltem</span> <span class='ocrx_word' id='word_1_65' title='bbox 1301 1830 1605 1937; x_wconf 81' lang='lat' dir='ltr'>authenticitas</span> <span class='ocrx_word' id='word_1_66' title='bbox 1624 1832 1653 1927; x_wconf 66' lang='lat' dir='ltr'>a*</span> <span class='ocrx_word' id='word_1_67' title='bbox 1673 1829 1820 1943; x_wconf 86' lang='lat' dir='ltr'>nemi·</span> 
     </span>
     <span class='ocr_line' id='line_1_11' title="bbox 501 1963 1894 2102; baseline 0.001 -32"><span class='ocrx_word' id='word_1_68' title='bbox 501 2002 568 2070; x_wconf 75' lang='lat' dir='ltr'>oe</span> <span class='ocrx_word' id='word_1_69' title='bbox 595 1963 807 2066; x_wconf 73' lang='lat' dir='ltr'>hacteuus</span> <span class='ocrx_word' id='word_1_70' title='bbox 834 1972 881 2064; x_wconf 89' lang='lat' dir='ltr'>iu</span> <span class='ocrx_word' id='word_1_71' title='bbox 918 1965 1101 2067; x_wconf 89' lang='lat' dir='ltr'>dubium</span> <span class='ocrx_word' id='word_1_72' title='bbox 1132 1964 1197 2068; x_wconf 86' lang='lat' dir='ltr'>est</span> <span class='ocrx_word' id='word_1_73' title='bbox 1225 2001 1407 2093; x_wconf 81' lang='lat' dir='ltr'>vocata,</span> <span class='ocrx_word' id='word_1_74' title='bbox 1459 2000 1542 2064; x_wconf 89' lang='lat' dir='ltr'>uec</span> <span class='ocrx_word' id='word_1_75' title='bbox 1562 1972 1709 2066; x_wconf 84' lang='lat' dir='ltr'>vocari</span> <span class='ocrx_word' id='word_1_76' title='bbox 1730 1971 1821 2102; x_wconf 85' lang='lat' dir='ltr'>po&#39;·</span> <span class='ocrx_word' id='word_1_77' title='bbox 1890 2078 1894 2085; x_wconf 65' lang='grc'><strong>,</strong></span> 
     </span>
     <span class='ocr_line' id='line_1_12' title="bbox 508 2095 1820 2241; baseline -0.006 -38"><span class='ocrx_word' id='word_1_78' title='bbox 508 2099 590 2203; x_wconf 80' lang='lat' dir='ltr'>test</span> <span class='ocrx_word' id='word_1_79' title='bbox 610 2147 640 2225; x_wconf 89' lang='lat'>‚·</span> <span class='ocrx_word' id='word_1_80' title='bbox 675 2130 781 2203; x_wconf 86' lang='lat' dir='ltr'>curn</span> <span class='ocrx_word' id='word_1_81' title='bbox 814 2109 1071 2204; x_wconf 86' lang='lat' dir='ltr'>etiamnunc</span> <span class='ocrx_word' id='word_1_82' title='bbox 1102 2113 1194 2238; x_wconf 68' lang='lat' dir='ltr'>eius</span> <span class='ocrx_word' id='word_1_83' title='bbox 1222 2131 1372 2209; x_wconf 85' lang='lat' dir='ltr'>extent</span> <span class='ocrx_word' id='word_1_84' title='bbox 1401 2095 1657 2241; x_wconf 82' lang='lat' dir='ltr'>archetypi,</span> <span class='ocrx_word' id='word_1_85' title='bbox 1677 2123 1679 2127; x_wconf 80' lang='grc'><strong>’</strong></span> <span class='ocrx_word' id='word_1_86' title='bbox 1701 2133 1820 2237; x_wconf 89' lang='lat' dir='ltr'>quo·</span> 
     </span>
     <span class='ocr_line' id='line_1_13' title="bbox 504 2232 1818 2378; baseline -0.002 -36"><span class='ocrx_word' id='word_1_87' title='bbox 504 2275 608 2342; x_wconf 84' lang='lat' dir='ltr'>turn</span> <span class='ocrx_word' id='word_1_88' title='bbox 649 2273 788 2338; x_wconf 90' lang='lat' dir='ltr'>unum</span> <span class='ocrx_word' id='word_1_89' title='bbox 832 2237 911 2376; x_wconf 67' lang='lat' dir='ltr'>ipsi</span> <span class='ocrx_word' id='word_1_90' title='bbox 950 2239 1173 2378; x_wconf 73' lang='lat' dir='ltr'>mqnibus·</span> <span class='ocrx_word' id='word_1_91' title='bbox 1194 2247 1516 2359; x_wconf 65' lang='lat' dir='ltr'>tractavimus,</span> <span class='ocrx_word' id='word_1_92' title='bbox 1573 2232 1654 2336; x_wconf 86' lang='lat' dir='ltr'>nisr</span> <span class='ocrx_word' id='word_1_93' title='bbox 1692 2232 1818 2376; x_wconf 75' lang='lat' dir='ltr'>quod</span> 
     </span>
     <span class='ocr_line' id='line_1_14' title="bbox 505 2370 1815 2613; baseline 0 -143"><span class='ocrx_word' id='word_1_94' title='bbox 505 2370 587 2506; x_wconf 75' lang='lat' dir='ltr'>Ju.</span> <span class='ocrx_word' id='word_1_95' title='bbox 621 2383 996 2477; x_wconf 68' lang='lat' dir='ltr'>Hunnorum</span> <span class='ocrx_word' id='word_1_96' title='bbox 1013 2372 1178 2514; x_wconf 77' lang='lat' dir='ltr'>ipsam</span> <span class='ocrx_word' id='word_1_97' title='bbox 1220 2381 1341 2479; x_wconf 88' lang='lat' dir='ltr'>illam</span> <span class='ocrx_word' id='word_1_98' title='bbox 1366 2415 1434 2478; x_wconf 85' lang='lat' dir='ltr'>-ex</span> <span class='ocrx_word' id='word_1_99' title='bbox 1465 2374 1591 2613; x_wconf 39' lang='lat' dir='ltr'>{esai</span> <span class='ocrx_word' id='word_1_100' title='bbox 1616 2385 1714 2472; x_wconf 69' lang='lat' dir='ltr'>xrvz‘</span> <span class='ocrx_word' id='word_1_101' title='bbox 1737 2406 1815 2470; x_wconf 73' lang='grc' dir='ltr'>ιι.</span> 
     </span>
     <span class='ocr_line' id='line_1_15' title="bbox 446 2506 1817 2642; baseline 0.007 -49"><span class='ocrx_word' id='word_1_102' title='bbox 446 2588 450 2593; x_wconf 87' lang='grc'><strong>,</strong></span> <span class='ocrx_word' id='word_1_103' title='bbox 506 2506 756 2608; x_wconf 71' lang='lat' dir='ltr'>desummo</span> <span class='ocrx_word' id='word_1_104' title='bbox 775 2506 1165 2642; x_wconf 80' lang='lat' dir='ltr'>inscriptionem:</span> <span class='ocrx_word' id='word_1_105' title='bbox 1226 2513 1426 2635; x_wconf 77' lang='lat' dir='ltr'>Perdam</span> <span class='ocrx_word' id='word_1_106' title='bbox 1509 2506 1706 2609; x_wconf 78' lang='lat' dir='ltr'><em>abillonis</em></span> <span class='ocrx_word' id='word_1_107' title='bbox 1735 2516 1817 2604; x_wconf 82' lang='lat' dir='ltr'>nu·</span> 
     </span>
     <span class='ocr_line' id='line_1_16' title="bbox 504 2637 1819 2776; baseline -0.002 -34"><span class='ocrx_word' id='word_1_108' title='bbox 504 2679 639 2760; x_wconf 82' lang='lat' dir='ltr'>men,</span> <span class='ocrx_word' id='word_1_109' title='bbox 685 2638 789 2740; x_wconf 77' lang='lat' dir='ltr'>aliti.</span> <span class='ocrx_word' id='word_1_110' title='bbox 802 2637 1065 2776; x_wconf 77' lang='lat' dir='ltr'>detorquere</span> <span class='ocrx_word' id='word_1_111' title='bbox 1096 2649 1215 2739; x_wconf 89' lang='lat' dir='ltr'>miro</span> <span class='ocrx_word' id='word_1_112' title='bbox 1244 2645 1429 2749; x_wconf 81' lang='lat' dir='ltr'>artificio</span> <span class='ocrx_word' id='word_1_113' title='bbox 1459 2649 1522 2750; x_wconf 85' lang='lat' dir='ltr'>est</span> <span class='ocrx_word' id='word_1_114' title='bbox 1556 2645 1698 2765; x_wconf 72' lang='lat' dir='ltr'>auleas,</span> <span class='ocrx_word' id='word_1_115' title='bbox 1745 2645 1819 2740; x_wconf 88' lang='lat' dir='ltr'>cui</span> 
     </span>
     <span class='ocr_line' id='line_1_17' title="bbox 508 2774 1817 2879; baseline 0.002 -7"><span class='ocrx_word' id='word_1_116' title='bbox 508 2774 701 2872; x_wconf 65' lang='lat' dir='ltr'>Dedin.</span> <span class='ocrx_word' id='word_1_117' title='bbox 720 2780 906 2873; x_wconf 58' lang='lat' dir='ltr'>suffit</span> <span class='ocrx_word' id='word_1_118' title='bbox 942 2804 1104 2874; x_wconf 76' lang='lat' dir='ltr'>tameo</span> <span class='ocrx_word' id='word_1_119' title='bbox 1134 2783 1181 2871; x_wconf 87' lang='lat' dir='ltr'>in</span> <span class='ocrx_word' id='word_1_120' title='bbox 1222 2790 1606 2879; x_wconf 83' lang='lat' dir='ltr'>commentatione</span> <span class='ocrx_word' id='word_1_121' title='bbox 1636 2780 1693 2874; x_wconf 86' lang='lat' dir='ltr'>de</span> <span class='ocrx_word' id='word_1_122' title='bbox 1721 2776 1817 2874; x_wconf 83' lang='lat' dir='ltr'>hoc</span> 
     </span>
     <span class='ocr_line' id='line_1_18' title="bbox 505 2904 1975 3052; baseline 0 -42"><span class='ocrx_word' id='word_1_123' title='bbox 505 2942 705 3010; x_wconf 81' lang='lat' dir='ltr'>nummo</span> <span class='ocrx_word' id='word_1_124' title='bbox 725 2904 854 3042; x_wconf 85' lang='lat' dir='ltr'>Lips.</span> <span class='ocrx_word' id='word_1_125' title='bbox 871 2943 1017 3033; x_wconf 39' lang='grc' dir='ltr'>τως</span> <span class='ocrx_word' id='word_1_126' title='bbox 1035 2918 1086 3012; x_wconf 85' lang='grc' dir='ltr'>8.Ι</span> <span class='ocrx_word' id='word_1_127' title='bbox 1116 2907 1266 3036; x_wconf 65' lang='lat' dir='ltr'>edita5</span> <span class='ocrx_word' id='word_1_128' title='bbox 1294 2912 1388 3018; x_wconf 73' lang='lat' dir='ltr'>lutis</span> <span class='ocrx_word' id='word_1_129' title='bbox 1406 2915 1615 3052; x_wconf 75' lang='lat' dir='ltr'>superque</span> <span class='ocrx_word' id='word_1_130' title='bbox 1632 2907 1818 3013; x_wconf 89' lang='lat' dir='ltr'>ivit-ob·</span> <span class='ocrx_word' id='word_1_131' title='bbox 1973 2996 1975 3000; x_wconf 91' lang='lat'>.</span> 
     </span>
     <span class='ocr_line' id='line_1_19' title="bbox 505 3039 1810 3191; baseline 0.007 -48"><span class='ocrx_word' id='word_1_132' title='bbox 505 3050 651 3143; x_wconf 79' lang='lat' dir='ltr'>viam:</span> <span class='ocrx_word' id='word_1_133' title='bbox 688 3046 783 3141; x_wconf 87' lang='lat' dir='ltr'>Fuit</span> <span class='ocrx_word' id='word_1_134' title='bbox 801 3039 892 3178; x_wconf 87' lang='lat' dir='ltr'>ipse</span> <span class='ocrx_word' id='word_1_135' title='bbox 908 3043 982 3143; x_wconf 90' lang='lat' dir='ltr'>ille</span> <span class='ocrx_word' id='word_1_136' title='bbox 1001 3079 1215 3146; x_wconf 83' lang='lat' dir='ltr'>nummus</span> <span class='ocrx_word' id='word_1_137' title='bbox 1236 3082 1408 3180; x_wconf 87' lang='lat' dir='ltr'>aureus,</span> <span class='ocrx_word' id='word_1_138' title='bbox 1445 3073 1580 3191; x_wconf 89' lang='lat' dir='ltr'>quern</span> <span class='ocrx_word' id='word_1_139' title='bbox 1602 3065 1650 3152; x_wconf 78' lang='grc' dir='ltr'>δι</span> <span class='ocrx_word' id='word_1_140' title='bbox 1672 3055 1810 3152; x_wconf 68' lang='grc' dir='ltr'>ὓοᾶ.</span> 
     </span>
     <span class='ocr_line' id='line_1_20' title="bbox 442 3180 1831 3326; baseline 0.009 -52"><span class='ocrx_word' id='word_1_141' title='bbox 442 3250 449 3257; x_wconf 73' lang='lat'><em>·</em></span> <span class='ocrx_word' id='word_1_142' title='bbox 506 3183 737 3289; x_wconf 80' lang='lat' dir='ltr'>LlEBlUS</span> <span class='ocrx_word' id='word_1_143' title='bbox 762 3210 871 3315; x_wconf 79' lang='lat' dir='ltr'>pag.</span> <span class='ocrx_word' id='word_1_144' title='bbox 893 3217 941 3294; x_wconf 87' lang='lat'>7.</span> <span class='ocrx_word' id='word_1_145' title='bbox 976 3180 1202 3305; x_wconf 80' lang='lat' dir='ltr'>exhibuit,</span> <span class='ocrx_word' id='word_1_146' title='bbox 1247 3190 1295 3283; x_wconf 85' lang='lat' dir='ltr'>in</span> <span class='ocrx_word' id='word_1_147' title='bbox 1314 3189 1521 3326; x_wconf 80' lang='lat' dir='ltr'>originali</span> <span class='ocrx_word' id='word_1_148' title='bbox 1541 3187 1655 3288; x_wconf 86' lang='lat' dir='ltr'>mihi</span> <span class='ocrx_word' id='word_1_149' title='bbox 1680 3213 1831 3287; x_wconf 74' lang='lat' dir='ltr'>com·&#39;</span> 
     </span>
     <span class='ocr_line' id='line_1_21' title="bbox 507 3315 1898 3458; baseline 0.001 -39"><span class='ocrx_word' id='word_1_150' title='bbox 507 3316 820 3419; x_wconf 67' lang='lat' dir='ltr'>municatusd·</span> <span class='ocrx_word' id='word_1_151' title='bbox 843 3315 914 3414; x_wconf 86' lang='lat' dir='ltr'>Cl.</span> <span class='ocrx_word' id='word_1_152' title='bbox 948 3320 1139 3458; x_wconf 85' lang='lat' dir='ltr'>Collega</span> <span class='ocrx_word' id='word_1_153' title='bbox 1166 3354 1314 3445; x_wconf 88' lang='lat' dir='ltr'>meo,</span> <span class='ocrx_word' id='word_1_154' title='bbox 1362 3332 1554 3423; x_wconf 85' lang='lat' dir='ltr'><strong>LEON.</strong></span> <span class='ocrx_word' id='word_1_155' title='bbox 1590 3331 1812 3422; x_wconf 76' lang='lat' dir='ltr'>OFFER-</span> <span class='ocrx_word' id='word_1_156' title='bbox 1895 3355 1898 3361; x_wconf 85' lang='lat'>·</span> 
     </span>
     <span class='ocr_line' id='line_1_22' title="bbox 505 3449 1813 3593; baseline 0.002 -42"><span class='ocrx_word' id='word_1_157' title='bbox 505 3454 772 3570; x_wconf 64' lang='lat' dir='ltr'>Hunno,</span> <span class='ocrx_word' id='word_1_158' title='bbox 809 3449 1113 3583; x_wconf 78' lang='lat' dir='ltr'>cujussocms,</span> <span class='ocrx_word' id='word_1_159' title='bbox 1150 3460 1362 3556; x_wconf 87' lang='lat' dir='ltr'>Matrona</span> <span class='ocrx_word' id='word_1_160' title='bbox 1383 3454 1669 3593; x_wconf 81' lang='lat' dir='ltr'>Delphensrs,</span> <span class='ocrx_word' id='word_1_161' title='bbox 1706 3493 1813 3556; x_wconf 90' lang='lat' dir='ltr'>ean·</span> 
     </span>
     <span class='ocr_line' id='line_1_23' title="bbox 505 3582 1812 3720; baseline 0.008 -37"><span class='ocrx_word' id='word_1_162' title='bbox 505 3584 610 3683; x_wconf 90' lang='lat' dir='ltr'>dem</span> <span class='ocrx_word' id='word_1_163' title='bbox 643 3582 848 3720; x_wconf 77' lang='lat' dir='ltr'>pollidet,</span> <span class='ocrx_word' id='word_1_164' title='bbox 873 3619 949 3689; x_wconf 85' lang='lat' dir='ltr'>:ot</span> <span class='ocrx_word' id='word_1_165' title='bbox 974 3588 1148 3692; x_wconf 82' lang='lat' dir='ltr'>adeam</span> <span class='ocrx_word' id='word_1_166' title='bbox 1166 3588 1402 3713; x_wconf 57' lang='lat' dir='ltr'>&#39;forma-m,</span> <span class='ocrx_word' id='word_1_167' title='bbox 1433 3600 1478 3691; x_wconf 88' lang='lat' dir='ltr'>is</span> <span class='ocrx_word' id='word_1_168' title='bbox 1498 3590 1812 3694; x_wconf 67' lang='lat' dir='ltr'>accuratilirme</span> 
     </span>
     <span class='ocr_line' id='line_1_24' title="bbox 504 3720 1808 3865; baseline 0.012 -48"><span class='ocrx_word' id='word_1_169' title='bbox 504 3727 698 3859; x_wconf 85' lang='lat' dir='ltr'>potuerit</span> <span class='ocrx_word' id='word_1_170' title='bbox 727 3720 940 3862; x_wconf 72' lang='lat' dir='ltr'>effigiari,</span> <span class='ocrx_word' id='word_1_171' title='bbox 984 3725 1133 3865; x_wconf 80' lang='lat' dir='ltr'>estque</span> <span class='ocrx_word' id='word_1_172' title='bbox 1157 3730 1291 3852; x_wconf 82' lang='lat' dir='ltr'>illud,</span> <span class='ocrx_word' id='word_1_173' title='bbox 1337 3730 1460 3865; x_wconf 91' lang='lat' dir='ltr'>quod</span> <span class='ocrx_word' id='word_1_174' title='bbox 1486 3738 1600 3829; x_wconf 89' lang='lat' dir='ltr'>inter</span> <span class='ocrx_word' id='word_1_175' title='bbox 1628 3736 1808 3832; x_wconf 77' lang='lat' dir='ltr'><strong>NEAP&#39;.</strong></span> 
     </span>
     <span class='ocr_line' id='line_1_25' title="bbox 504 3862 1813 4005; baseline -0.002 -47"><span class='ocrx_word' id='word_1_176' title='bbox 504 3870 553 3958; x_wconf 78' lang='grc' dir='ltr'>δι</span> <span class='ocrx_word' id='word_1_177' title='bbox 594 3864 652 3957; x_wconf 87' lang='lat' dir='ltr'>R.</span> <span class='ocrx_word' id='word_1_178' title='bbox 695 3864 928 3963; x_wconf 84' lang='lat' dir='ltr'>intercedit</span> <span class='ocrx_word' id='word_1_179' title='bbox 953 3869 1212 3999; x_wconf 73' lang='lat' dir='ltr'>puccium,</span> <span class='ocrx_word' id='word_1_180' title='bbox 1268 3869 1474 4005; x_wconf 87' lang='lat' dir='ltr'>equidem</span> <span class='ocrx_word' id='word_1_181' title='bbox 1506 3870 1562 3965; x_wconf 82' lang='lat' dir='ltr'>ab</span> <span class='ocrx_word' id='word_1_182' title='bbox 1584 3862 1813 3998; x_wconf 86' lang='lat' dir='ltr'>exempla·</span> 
     </span>
     <span class='ocr_line' id='line_1_26' title="bbox 408 3992 1811 4128; baseline -0.001 -32"><span class='ocrx_word' id='word_1_183' title='bbox 408 4089 413 4096; x_wconf 89' lang='lat'><em>.</em></span> <span class='ocrx_word' id='word_1_184' title='bbox 506 3992 790 4112; x_wconf 83' lang='lat' dir='ltr'>tithbiano</span> <span class='ocrx_word' id='word_1_185' title='bbox 813 3996 1055 4128; x_wconf 77' lang='lat' dir='ltr'>omissum,</span> <span class='ocrx_word' id='word_1_186' title='bbox 1098 4005 1463 4121; x_wconf 77' lang='lat' dir='ltr'>utilludtameu</span> <span class='ocrx_word' id='word_1_187' title='bbox 1492 4011 1540 4116; x_wconf 83' lang='lat' dir='ltr'>in</span> <span class='ocrx_word' id='word_1_188' title='bbox 1571 4001 1725 4102; x_wconf 90' lang='lat' dir='ltr'>nostro</span> <span class='ocrx_word' id='word_1_189' title='bbox 1756 3994 1811 4096; x_wconf 86' lang='lat' dir='ltr'>il·</span> 
     </span>
    </p>

    <p class='ocr_par' dir='ltr' id='par_1_2' title="bbox 1524 4135 1812 4236">
     <span class='ocr_line' id='line_1_27' title="bbox 1524 4135 1812 4236; baseline -0.007 0"><span class='ocrx_word' id='word_1_190' title='bbox 1524 4205 1526 4208; x_wconf 52' lang='lat'>&lt;</span> <span class='ocrx_word' id='word_1_191' title='bbox 1763 4135 1812 4236; x_wconf 90' lang='lat' dir='ltr'>lo</span> 
     </span>
    </p>
   </div>
   <div class='ocr_carea' id='block_1_2' title="bbox 0 0 2450 5042">
    <p class='ocr_par' dir='ltr' id='par_1_3' title="bbox 0 0 2450 5042">
     <span class='ocr_line' id='line_1_28' title="bbox 0 0 2450 5042; baseline 0 0"><span class='ocrx_word' id='word_1_192' title='bbox 0 0 2450 5042; x_wconf 95' lang='lat' dir='ltr'> </span> 
     </span>
    </p>
   </div>
  </div>
 </body>
</html>
