4884 5042
537 551 713 650 ama
864 542 1518 628 nnnovnnt
1779 512 1904 650 oo

543 672 803 745 minicanomm
833 670 895 769 qui
921 667 1093 743 dicuntur
1116 666 1377 740 monachorum
1402 669 1610 767 importune
1642 665 1851 764 obstrepen-

445 853 447 858 .
542 772 658 864 tium,
692 770 730 843 &
761 769 868 842 Zwin
899 767 937 839 lii
969 766 1167 841 dodirinam
1194 786 1236 839 ut
1253 766 1398 864 impiam
1416 766 1453 839 &
1472 769 1588 839 minus
1608 767 1849 841 orthodoxam

542 792 1107 963 proponcionettaduccntium,
1125 887 1257 956 voces,
1277 860 1659 964 ipfiusqueZwingiii,
1677 864 1850 954 suamdoss

539 962 688 1037 &tinam
710 991 792 1039 cum
816 967 925 1040 Sacra
942 965 1129 1062 Scriptura
1149 960 1338 1035 consonam
1356 960 1554 1054 afferentis,
1577 965 1773 1059 replicam,
1790 961 1850 1058 ef·

532 1060 675 1135 sedium
695 1064 769 1156 est,
805 1085 871 1158 ut,
903 1058 978 1162 ipse
996 1064 1146 1136 Senatus
1172 1059 1402 1174 populusque
1423 1060 1535 1157 Reip.
1556 1061 1773 1158 Tigurinae,
1807 1084 1853 1138 ne

540 1159 628 1256 quid
654 1178 789 1234 temere
816 1179 879 1234 aut
901 1160 1046 1258 privato
1069 1157 1201 1233 affediu
1231 1183 1269 1231 tn
1296 1160 1366 1232 hoc
1393 1156 1680 1230 Reformationis
1698 1160 1851 1258 negotio

540 1256 598 1352 agi
616 1256 821 1349 videretur,
849 1258 1037 1358 Synodum
1060 1259 1109 1353 (a)
1131 1258 1327 1339 indicaret,
1341 1251 1592 1353 sapientiffimo
1603 1253 1749 1327 decreto
1763 1308 1776 1349 ,
1791 1257 1850 1331 so·

543 1351 708 1453 lennem,
729 1353 774 1426 ad
792 1355 887 1427 diem
908 1379 1019 1428 xxix.
1034 1355 1193 1446 januarii
1213 1357 1313 1428 Anni
1333 1376 1400 1451 152
1407 1375 1438 1454 3.
1463 1351 1524 1425 Ad
1532 1376 1608 1427 eam
1623 1350 1784 1463 undique
1803 1377 1852 1428 ex

541 1449 679 1523 ditione
701 1452 884 1552 Tigurina
908 1453 947 1529 &
964 1454 1093 1527 vicinis
1112 1451 1284 1528 Ecclefiis
1300 1475 1429 1551 magna
1446 1449 1533 1524 cleri
1552 1451 1591 1525 ὅ(
1609 1449 1736 1549 popuii
1755 1454 1851 1528 mul·

541 1548 681 1631 titudo,
701 1552 755 1621 uti
770 1570 975 1624 convocata
992 1568 1089 1646 etat,
1124 1552 1173 1625 ita
1190 1549 1413 1625 confluebat.
1465 1546 1772 1623 Constantiensem
1795 1548 1847 1642 (b)

539 1668 685 1742 quoque
700 1666 830 1745 rogant
848 1645 1072 1746 Episcopum
1089 1672 1153 1746 per
1169 1649 1286 1722 literas
1302 1667 1482 1738 amanter,
1501 1664 1543 1719 ut
1552 1665 1613 1720 aut
1624 1645 1848 1744 ipseveniat,

529 1761 598 1812 aut
615 1743 636 1814 e*
656 1742 721 1815 suis
739 1745 894 1843 aliquem
913 1744 958 1819 eo
979 1747 1113 1819 mittat.
1139 1746 1267 1843 Quum
1287 1746 1423 1846 igitur,
1440 1744 1484 1818 ad
1502 1743 1739 1818 constitutum
1751 1744 1848 1818 diem

527 1839 711 1912 venissent
738 1840 972 1940 frequentes,
1006 1842 1138 1934 adeffet
1163 1845 1271 1919 etiam
1297 1867 1318 1918 e
1345 1841 1458 1942 iscopi
1480 1843 1664 1936 vicarius,
1692 1843 1850 1935 Joannes

525 1935 676 2031 -Faber,
696 1937 833 2012 Consul
849 1941 1052 2039 Tigurinus
1061 1942 1169 2017 verba
1186 1942 1293 2039 facit,
1313 1868 1351 2017 d<
1370 1941 1540 2041 quoniam
1560 1939 1785 2015 de'doetrina
1803 1939 1851 2016 fit

524 2054 659 2109 ‘ortum
683 2032 788 2111 valde
809 2052 921 2137 grave
947 2035 1147 2134 diffidium,
1182 2039 1322 2115 idcirco
1346 2040 1531 2114 decretum
1556 2038 1655 2113 hunc
1673 2037 1742 2112 effe
1759 2060 1850 2112 con·

523 2155 711 2219 ·ventum,
732 2136 803 2228 ait,
828 2154 870 2209 ut
890 2135 914 2209 fi
933 2137 1012 2235 quis
1030 2139 1193 2212 omnium
1214 2136 1280 2233 sit,
1295 2137 1358 2236 qui
1374 2157 1503 2210 contra
1518 2136 1697 2236 Zwinglii
1714 2132 1851 2210 doetri-

526 2251 617 2306 nam
633 2232 768 2330 aliquid
785 2234 934 2331 habeat,
958 2233 1070 2308 iibere
1085 2236 1175 2310 illud
1192 2260 1290 2310 nunc
1305 2255 1499 2348 proponat.
1551 2233 1758 2334 Zwinglius
1772 2237 1849 2331 jam

523 2349 644 2420 ante,
663 2333 769 2403 certis
787 2331 876 2405 locis
893 2351 1002 2431 atque
1018 2334 1185 2409 thematis
1202 2334 1403 2409 dostrmam
1422 2330 1520 2407 suam
1538 2332 1747 2426 incluserat,
1781 2355 1849 2406 nu·

524 2446 640 2495 -mero
663 2423 708 2495 ad
735 2426 909 2515 LXVII.
944 2430 1004 2513 ὃς,
1040 2451 1083 2502 ut
1099 2432 1261 2506 instrudii
1276 2432 1441 2526 venirent
1454 2453 1584 2505 'omnes
1603 2431 1646 2503 ad
1660 2452 1742 2503 eum
1759 2453 1848 2503 con·

539 2535 690 2592 ventum
717 2536 826 2615 atque
850 2515 1151 2616 disputationem,
1185 2527 1394 2621 evulgarat,
1422 2545 1519 2600 nunc
1545 2529 1666 2627 ergo,
1688 2552 1772 2604 cum
1801 2527 1848 2601 fi·

539 2640 621 2690 nem
646 2614 819 2689 sermonis
845 2615 969 2689 consul
994 2617 1155 2712 ieciffet,
1187 2618 1304 2694 rursus
1330 2619 1391 2693 illa
1408 2626 1604 2719 proponit,
1640 2628 1678 2700 &
1697 2627 1741 2700 ad
1760 2649 1850 2700 con·

565 2712 692 2787 teffum
712 2712 772 2786 eos¹
790 2715 931 2788 invitat.
983 2713 1042 2788 Ibi
1059 2714 1199 2807 Faber,
1221 2715 1465 2813 posteaquam
1484 2716 1555 2790 suae
1573 2718 1740 2793 miffionis
1760 2746 1845 2796 cau·

537 2737 607 2886 iam
626 2810 858 2924 explicaiiet,
883 2832 1037 2887 conatur
1053 2809 1283 2913 persuadere,
1316 2833 1497 2886 certamen
1514 2814 1586 2886 hoc
1602 2838 1676 2886 non
1691 2818 1760 2891 effe
1778 2822 1846 2892 hu·

530 2914 592 3009 jus
616 2911 711 3006 loct,
734 2914 868 3002 {verum
895 2911 940 2986 ad
964 2912 1112 2987 concilii
1127 2913 1317 2986 notionem
1330 2910 1530 3010 pertinere,
1565 2912 1664 3008 quod
1682 2911 1784 2987 brevi
1803 2915 1847 2988 fit

536 3009 719 3084 futurum:
755 3031 908 3112 urgente
931 3031 1049 3087 autem
1079 3010 1268 3112 Zwinglio
1293 3009 1332 3086 ὃς
1343 3007 1580 3183 postulante,
1613 3007 1754 3110 fiquid
1781 3012 1846 3084 ha·
1917 3089 1923 3099 ,

1359 3134 1382 3183 ιι

425 3189 430 3199 ,
525 3107 637 3203 ,beat,
660 3127 700 3180 ut
718 3131 763 3181 ne
778 3107 991 3205 diffimulet,
1018 3110 1078 3183 ille
1097 3108 1235 3210 scripto
1254 3109 1288 3183 se
1305 3134 1342 3182 re
1384 3128 1543 3183 taturum
1563 3106 1671 3207 ipfius
1691 3109 1844 3209 dogma·

533 3224 571 3280 ta
595 3205 801 3305 profitetur.
849 3205 936 3281 Post
962 3207 1076 3283 multa
1092 3211 1519 3306 utrimquecommutata
1534 3204 1664 3303 verba,
1697 3231 1780 3280 cum
1797 3232 1844 3283 ex

533 3303 703 3379 omnibus
730 3329 839 3381 nemo
861 3307 1024 3405 prodiret
1047 3306 1199 3402 amplius
1224 3307 1262 3381 in
1287 3306 1434 3399 aciem,
1468 3304 1611 3398 dimiss'o
1636 3326 1846 3404 conventu,

532 3404 683 3478 Senatus
717 3430 781 3505 per
811 3405 890 3480 suos
923 3405 1011 3481 fines
1038 3406 1179 3500 edicit,
1223 3428 1262 3476 ut
1291 3401 1524 3480 traditionibus
1556 3404 1721 3479 hominum
1745 3412 1845 3480 omiss

529 3503 597 3593 lis,
641 3504 866 3606 Evangelium
888 3502 972 3604 puri
1003 3505 1157 3607 doceatur
1173 3501 1345 3607 ,iactaris
1371 3507 1409 3582 d
1434 3507 1512 3577 novi
1534 3501 1717 3594 testamenti
1739 3503 1848 3601 libris.

954 3640 956 3645 ·
1258 3643 1261 3649 ·
1774 3609 1846 3680 At·

574 3733 624 3816 (a)
643 3731 750 3816 Hujus
776 3729 897 3816 Synodi
911 3729 1169 3810 descriptionem,
1193 3721 1321 3809 c'dlehio
1336 3717 1603 3812 contignatamab
1616 3726 1745 3815 homine
1757 3725 1847 3792 Pon·

530 3813 633 3882 tificio
688 3815 799 3883 ohanne
819 3816 936 3897 Salsu,
964 3812 1387 3897 Gr'a'pmmoffiodemenfl,
1403 3813 1495 3877 nobis
1509 3813 1630 3878 exhibet
1647 3810 1678 3893 J.
1694 3806 1845 3877 CONR.

501 3961 506 3972 .
532 3893 655 3966 FUES
671 3897 832 3968 'LINUS
858 3903 890 3966 in
914 3897 1108 3966 collectione
1130 3897 1351 3965 documentor.
1375 3893 1415 3959 ad
1436 3894 1555 3994 iiiior.
1582 3894 1728 3961 Reform.
1750 3892 1784 3956 P.
1806 3911 1850 3971 n.

534 3997 602 4064 peg-
621 3981 765 4065 8ι.·ιςο.
794 4003 863 4066 qne
885 3987 961 4050 licet
983 3985 1075 4049 omni
1089 3983 1190 4049 modo
1212 3985 1357 4049 animum
1378 3981 1514 4059 pambus
1537 3978 1696 4045 addietum
1720 3975 1848 4056 prodit.

535 4066 647 4213 quipp}
664 4067 882 4214 pnooipelipn
902 4081 1030 4149 temen,
1060 4086 1136 4136 com
1159 4066 1231 4152 ipis
1255 4062 1347 4132 ndis
1368 4067 1401 4128 in
1425 4060 1510 4163 Opp
1526 4058 1795 4149 Zningli't-Tom.
1812 4069 1852 4143 ni

468 4162 473 4172 ·
560 4193 569 4213 .
650 4168 697 4213 .t
778 4152 1112 4219 uninomina
1385 4160 1503 4201 ·¹-¹-·=²'·
1599 4179 1626 4196 ··

536 4165 558 4232 Ρ
580 4167 1301 4326 (ι),ιὶ’ἕ“ιιιυικ.ιι.ω,ιοι.ιιι.
1322 4225 1752 4321 ascuttna.p,1⁶7.
