4884 5042
1225 504 1359 655 (φά)

660 707 748 789 Xll.
761 705 986 782 Paradaxum,
1003 702 1236 776 duodecimum.
1886 713 1890 722 ·
1922 736 1926 745 ·

703 808 797 879 Tunc
812 805 972 895 aerosum
983 824 1111 895 peccata
1124 799 1210 895 apud
1230 803 1338 868 Deum
1355 797 1498 866 venialia
1518 793 1642 890 quando
1657 800 1813 866 timentur
1825 790 1875 864 ab
1899 793 1959 868 ho·

715 895 854 969 minibus
879 900 1038 967 mortalia.

756 991 804 1063 Et
817 989 978 1086 quoniam
991 1004 1167 1086 peccatum
1180 981 1303 1056 faciens
1317 983 1432 1056 servus
1448 980 1497 1054 est
1510 981 1657 1077 peccati,
1673 980 1863 1055 &servum
1873 981 1960 1056 Do·

703 1082 799 1156 mino
821 1094 881 1154 luo
899 1101 1052 1177 oporteat
1068 1080 1133 1153 elle
1153 1078 1382 1178 morigerum,
1405 1075 1502 1150 facile
1518 1074 1671 1172 sequitur
1692 1076 1962 1170 liberumlarbi·

709 1176 814 1252 trium
833 1172 908 1275 post
920 1194 1095 1274 peccatum
1118 1197 1189 1253 rem
1206 1174 1345 1268 quidem
1361 1171 1511 1267 aliquam
1532 1173 1722 1266 animaeque
1736 1171 1805 1242 elle
1822 1193 1959 1266 poten.

710 1268 859 1360 tiam‚at
881 1270 914 1340 in
934 1269 1064 1340 bonum
1079 1266 1225 1345 liberum
1239 1265 1303 1337 esse
1316 1265 1476 1355 minime,
1499 1263 1664 1360 denique,
1681 1288 1725 1336 ex
1745 1262 1856 1336 senifi
1871 1289 1962 1362 peo-

708 1387 783 1437 care
794 1387 862 1435 non
877 1363 988 1459 posse3
1004 1361 1139 1433 Etenim
1154 1359 1322 1455 quidquid
1333 1383 1378 1432 ex
1390 1358 1422 1430 se
1434 1381 1509 1458 agat
1523 1357 1645 1444 homo,
1657 1357 1747 1430 istud
1764 1358 1870 1430 Deus
1885 1383 1960 1432 non

707 1482 727 1531 a
775 1456 875 1542 oscit,
898 1455 1021 1530 necilli
1079 1454 1140 1527 test
1153 1452 1286 1542 referri,
1307 1454 1497 1526 admittitur
1519 1451 1624 1548 igitur
1640 1473 1754 1544 raptus
1763 1453 1838 1548 jam
1867 1452 1963 1550 saepe

735 1550 835 1626 relus.
885 1550 1002 1645 Qrare
1018 1479 1189 1649 AEireriora
1204 1548 1330 1624 tenenti
1342 1546 1434 1622 haud
1448 1546 1620 1620 videbitur
1637 1544 1827 1622 obscurum
1853 1551 1962 1649 quod

711 1643 865 1742 sequitur
881 1645 1103 1743 paradoxum.

663 1739 775 1829 Xlll.¹
795 1742 1001 1813 Paradoxum
1024 1740 1183 1810 decimum
1204 1744 1349 1811 tertium.

713 1833 868 1906 Liberum
883 1833 1131 1930 arbitriaempost
1149 1852 1315 1929 peccatum
1338 1860 1387 1904 res
1407 1829 1450 1924 est
1468 1831 1509 1903 de
1517 1832 1578 1924 solo
1597 1830 1690 1901 titulo
1710 1830 1750 1906 ῤ’
1773 1833 1964 1927 eumfacit

712 1935 796 2024 quod
810 1929 884 2021 inse
900 1926 1063 2033 estpeccat
1084 1931 1274 1998 mortaliier.

711 2069 715 2078 -
766 2019 812 2092 Et
825 2021 890 2095 hoc
930 2023 1042 2094 uidem
1051 2019 1198 2116 August.
1212 2019 1271 2090 lrb.
1287 2018 1329 2088 ll.
1339 2037 1457 2089 contra
1466 2015 1643 2109 Julianum
1657 2035 1771 2113 aperte
1788 2042 1964 2117 compro·

711 2112 769 2187 bat
790 2047 980 2191 &aurien
992 2111 1071 2184 facit
1092 2111 1189 2207 quod
1210 2109 1355 2183 habetur
1370 2110 1473 2183 Οἷα
1489 2111 1592 2184 Xlll.
1619 2113 1760 2184 perditio
1783 2134 1848 2183 tua
1875 2119 1965 2214 lsra-

712 2212 746 2281 el
763 2234 805 2276 ex
828 2227 1020 2281 metaneam
1043 2207 1131 2277 modo
1151 2209 1317 2279 auxilinm
1338 2226 1431 2276 tuum
1441 2239 1458 2293 ,-
1486 2205 1601 2304 quoad
1621 2204 1751 2278 bonum
1772 2261 1785 2294 ,
1815 2207 1882 2284 ille
1910 2234 1966 2283 at·-

715 2297 1007 2398 bitriilibertatem
1027 2301 1061 2372 in
1074 2299 1323 2373 huncmodum
1336 2298 1499 2374 docebat:
1523 2319 1562 2373 ut
1574 2298 1685 2372 visum
1697 2300 1747 2375 est
1760 2298 1909 2379 Deoad
1930 2307 1965 2377 se

661 2486 667 2493 .
712 2395 908 2493 quempiam
922 2398 1087 2484 avocare,
1113 2395 1278 2491 praevenit
1306 2390 1376 2494 ipse
1391 2393 1772 2469 hominis-voluntatem
1802 2395 1845 2470 &
1866 2398 1966 2473 infe

717 2488 901 2586 convertite
917 2512 991 2586 quo
1014 2486 1108 2564 litut
1123 2487 1312 2567 homonei
1328 2509 1451 2567 nutum
1471 2489 1598 2562 summa
1615 2511 1696 2562 cum
1711 2488 1903 2585 voluptate
1916 2493 1967 2568 se·

713 2585 1147 2755 llll‘alsslllllll
1157 2581 1506 2753 illllii‘snfissll}
1522 2581 1966 2776 lllllloelllfolll

1511 2733 1520 2766 ἱ

714 2793 755 2848 ut
773 2771 903 2847 bonum
928 2794 1058 2850 tantum
1080 2772 1231 2849 ostendat
1248 2735 1396 2863 h’omini,
1417 2771 1478 2868 ipsi
1494 2770 1686 2868 relinquens
1707 2732 1897 2871 acceptare
1924 2779 1967 2851 il.

676 2962 679 2968 ι
704 2866 777 2968 ΙΙιιά
793 2888 851 2941 aut
865 2866 1033 2963 respuere,
1045 2869 1100 2945 sed
1119 2867 1218 2945 fimul
1237 2868 1293 2944 dat
1309 2867 1396 2940 velle
1413 2872 1449 2946 &
1461 2866 1572 2968 polle,
1588 2887 1689 2967 atque
1700 2891 1787 2944 mox
1803 2869 1966 2950 delceh·

715 2961 811 3037 bitur
832 2962 963 3066 bonum
986 2965 1082 3059 quod
1103 2961 1218 3048 offert,
1239 2961 1411 3061 empleffi.
1445 3055 1452 3068 ο
1512 3055 1518 3066 ι

735 3146 740 3157 ,
770 3054 827 3125 Ex
852 3056 903 3126 his
922 3068 1023 3153 at'que
1048 3057 1096 3128 D.
1118 3056 1293 3164 Augustini
1316 3056 1472 3130 sententia
1496 3054 1586 3127 libro
1612 3074 1729 3127 contra
1749 3054 1834 3129 Pela
1868 3061 1966 3136 ianos

717 3145 807 3222 libro
819 3148 861 3220 de
878 3152 983 3247 gratia
1001 3154 1037 3223 &
1049 3150 1276 3240 correchone,
1298 3152 1377 3225 item
1393 3159 1481 3223 Petri
1495 3160 1560 3222 Lon
1581 3150 1690 3224 obardi
1704 3148 1790 3223 Diff.
1855 3158 1965 3232 XIV,

716 3239 996 3406 ‘it'satsscssffiium
1024 3266 1167 3349 quoque
1180 3245 1323 3351 intelligi
1337 3246 1474 3349 pellunt
1486 3178 1590 3323 xli.
1602 3246 1688 3322 XV.
1704 3244 1813 3319 XVl.
1838 3251 1865 3295 ²*
1880 3275 1966 3351 pro.

744 3359 790 3408 οι
808 3358 910 3413 iones.
1831 3404 1851 3418 „

718 3359 742 3434 p
769 3431 863 3505 Nam
878 3431 972 3529 quod
984 3432 1024 3511 ad
1038 3433 1141 3511 XVI.
1166 3438 1326 3536 pertinet,
1347 3435 1372 3510 fi
1393 3436 1562 3508 annitatur
1576 3458 1619 3510 ex
1630 3433 1662 3505 se
1673 3432 1848 3530 quispiam
1864 3463 1965 3536 para.

711 3548 755 3611 ‚re
766 3527 926 3631 gratiam,
945 3529 1124 3603 minimum
1143 3529 1179 3602 ὅ(
1200 3531 1316 3604 Deum
1333 3531 1452 3604 deserit
1471 3532 1600 3604 fontem
1617 3529 1736 3602 vivum
1755 3530 1794 3602 &
1814 3531 1965 3611 suarum

717 3618 779 3695 fibi
793 3619 917 3695 virium
931 3644 1057 3698 veteres
1072 3622 1233 3698 nimirum
1246 3625 1402 3699 cisternas
1415 3624 1517 3713 fodit,
1537 3625 1608 3697 duo
1620 3622 1706 3695 mala
1719 3623 1848 3718 pariter
1862 3655 1965 3704 com.

718 3715 869 3804 mittens,
889 3716 985 3808 quod
1019 3739 1077 3811 per
1100 3717 1279 3807 Jeremiam
1306 3717 1482 3791 Dominus
1511 3716 1580 3806 ipse
1610 3716 1788 3810 queritur:
1815 3719 1966 3799 Mirum

717 3830 848 3902 autem,
870 3808 894 3881 fi
920 3807 958 3881 stt
977 3832 1099 3910 agens,
1126 3835 1196 3888 nou
1218 3813 1318 3891 etiam
1349 3810 1458 3914 duplo
1480 3833 1556 3884 reus
1575 3808 1661 3903 fiat,
1694 3812 1754 3909 qui
1772 3816 1967 3927 geminum

1877 3937 1967 3991 ttem

701 4084 735 4194 ’ὅ
758 4080 820 4190 lle
833 4080 906 4149 sunt
918 4083 1000 4167 ille,
1019 4102 1089 4173 quae
1103 4081 1167 4168 jam
1182 4081 1390 4174 inobiapag.
1409 4084 1476 4171 178.
1494 4100 1563 4173 179.
1585 4084 1660 4154 sunt
1679 4081 1840 4153 adducta.
