4884 5042
611 582 724 663 gap
846 554 1223 636 HISTORIA
1273 547 1931 658 dissideamus-1525,

591 694 594 700 '
620 706 691 851 pue
707 680 751 754 de
767 680 937 753 verborum
956 679 1166 771 Institutionis
1185 677 1306 771 sensu,
1336 673 1544 760 sententiam
1564 675 1668 748 latius
1684 673 1931 753 adstruxerat?
2038 748 2041 752 ,

656 775 763 870 orto,
793 781 854 876 qui
870 780 979 871 dicit,
1014 778 1048 850 se
1065 776 1259 849 insomnio
1277 776 1343 847 hac
1360 773 1466 846 illave
1483 771 1526 844 de
1544 796 1580 844 re
1596 772 1665 844 effe
1680 772 1905 849 admonitum
1919 832 1932 871 ,

622 898 710 948 num
739 876 766 946 is
791 895 982 975 eapropter
1008 875 1185 970 Spiritum
1204 872 1377 970 quendam
1395 867 1536 966 effingit
1554 872 1798 967 monitorem?
1833 876 1931 947 Cum

483 1040 486 1052 ,
619 970 695 1069 ipse
719 972 945 1083 Zwinglius,
980 970 1136 1044 interdiu
1161 974 1283 1043 omnia
1304 972 1349 1043 de
1372 966 1587 1064 explicando
1601 987 1711 1065 tropo
1728 972 1930 1069 cogitaret,

618 1086 729 1166 atque
742 1089 983 1166 recogitaret,
1001 1067 1160 1140 viderine
1178 1068 1309 1139 mirum
1329 1064 1432 1137 nobis
1450 1064 1590 1160 potest,
1617 1065 1642 1138 fi
1662 1089 1761 1139 mens
1779 1071 1817 1140 in
1833 1069 1929 1142 som·

621 1165 690 1238 niis
713 1164 835 1237 eadem
855 1164 914 1237 illa
930 1162 1211 1262 recogitaverit?
1240 1165 1315 1257 (b),
1348 1163 1417 1256 ita,
1450 1181 1492 1234 ut
1508 1186 1581 1234 non
1599 1160 1672 1236 fine
1684 1165 1841 1260 provido
1859 1166 1931 1240 Dei

620 1281 736 1353 nutu,
762 1262 843 1334 haec
858 1259 931 1359 ipsa
950 1262 1062 1334 menti
1080 1264 1155 1359 ejus
1173 1262 1372 1334 inciderent
1387 1258 1514 1352 verba,
1547 1285 1630 1428 tpuae
1649 1261 1757 1334 etiam
1774 1263 1930 1363 vigilan·

620 1357 651 1431 ti
676 1355 833 1432 incidere
856 1358 1073 1456 potuiffent,
1107 1358 1259 1432 antehac
1274 1358 1390 1430 minus
1406 1355 1544 1430 attente
1577 1357 1674 1451 edla,
1706 1384 1802 1433 nunc
1819 1385 1930 1434 accu-

617 1456 727 1527 ratius
755 1453 969 1553 relegenda?
1004 1457 1064 1527 An
1089 1454 1279 1552 deinceps,
1314 1455 1362 1547 is,
1396 1454 1458 1552 qui
1480 1453 1687 1554 adagialiter
1716 1457 1766 1550 (c)
1794 1459 1931 1553 edicit,

601 1549 687 1630 ,fibi
710 1576 784 1623 non
804 1552 987 1646 constare,
1002 1552 1186 1650 quomodo
1205 1552 1285 1626 haec
1304 1552 1411 1626 illave
1427 1552 1465 1624 iu
1483 1572 1639 1643 mentem
1660 1553 1847 1648 venerint,
1873 1554 1930 1641 id-

647 1671 690 1720 ue
718 1647 780 1718 tali
800 1649 937 1744 phrali,
975 1674 1079 1748 quae,
1114 1650 1212 1750 quod
1232 1649 1420 1751 Zwinglio
1438 1648 1545 1746 (bene
1562 1675 1605 1727 an
1622 1650 1736 1745 male,
1767 1653 1858 1725 nihil
1873 1672 1930 1726 re·

617 1671 706 1830 dett)
735 1743 842 1818 fuerit
861 1746 1066 1840 familiaris,
1099 1772 1144 1822 ex
1161 1748 1256 1822 illius
1274 1748 1383 1847 ipfius
1402 1751 1611 1826 narrationis
1629 1750 1836 1850 principio,
1866 1749 1930 1827 ad·

618 1837 767 1912 discitur
775 1873 788 1928 3
816 1840 931 1915 statim
952 1843 1045 1919 falsae
1066 1844 1124 1921 vel
1140 1847 1288 1922 incertae
1306 1845 1429 1921 saltem
1448 1844 1624 1923 doetrinae
1644 1848 1695 1917 est
1710 1848 1928 1940 (d)infitttu·
1956 1845 1958 1853 ⁴

618 1935 771 2010 landus?
804 1939 932 2034 Num,
966 1968 1048 2038 quae
1068 1966 1133 2040 per
1147 1945 1331 2042 Adagium
1350 1946 1544 2031 dicuntur,
1569 1942 1673 2020 nobis
1690 1941 1840 2037 licebit,
1864 1943 1929 2031 ab:

619 2031 737 2124 solute
763 2035 1011 2134 interpretati?
1046 2060 1152 2146 atque
1178 2039 1445 2113 incommodam
1470 2036 1555 2107 inde
1578 2058 1824 2134 emergentem
1851 2040 1930 2123 sen·
1973 2051 1978 2063 '

618 2133 767 2204 tentiam
793 2134 1016 2230 impingere,
1054 2134 1167 2222 Viro,
1202 2151 1260 2204 tot
1286 2128 1497 2228 ceteroquin
1519 2127 1684 2205 laudibus
1708 2134 1929 2233 conspicuo,

618 2247 726 2328 atque
753 2230 796 2300 de
823 2228 1029 2328 posteritate
1056 2224 1196 2326 optime
1222 2225 1387 2303 merito?
1430 2223 1544 2305 Illene
1570 2226 1592 2302 d
1620 2229 1803 2306 Daemone
1824 2232 1925 2319 suam

593 2400 596 2405 ,
619 2323 807 2400 haustville
822 2325 1020 2400 doctrinam
1031 2325 1103 2399 dici
1112 2326 1247 2424 poterit
1266 2325 1339 2422 (e),
1356 2323 1441 2424 qui,
1457 2324 1510 2399 nil
1520 2324 1716 2424 quidquam
1727 2379 1741 2420 ,
1752 2327 1819 2403 nili
1827 2329 1929 2426 quod

577 2478 587 2496 ,
620 2422 758 2497 disertis
787 2426 991 2524 Scriptura
1012 2426 1131 2499 Sacrae
1150 2423 1239 2497 locis
1263 2424 1453 2516 innititur,
1485 2422 1680 2521 quodque.
1761 2449 1930 2514 commu·

616 2545 699 2595 nem
728 2520 861 2595 sensum
882 2521 1079 2616 stabilitur,
1112 2521 1169 2594 vel
1187 2541 1309 2595 tenere
1325 2518 1444 2594 voluit
1459 2519 1519 2593 vel
1532 2518 1677 2610 afferere
1738 2521 1843 2620 Qtid
1860 2547 1926 2598 ve·

617 2618 662 2695 rb
681 2620 810 2713 etiam,
838 2621 863 2695 fi
881 2621 1047 2714 illorum,
1064 2618 1125 2718 qui
1142 2616 1178 2690 se
1195 2617 1424 2693 Lutheranos
1441 2634 1598 2710 vocant,
1613 2618 1675 2692 hic
1692 2616 1791 2716 sequi
1800 2644 1924 2697 exem·

616 2715 743 2815 plum,
761 2738 873 2816 atque
883 2722 956 2816 pati
967 2716 1152 2791 insolentia
1161 2715 1321 2791 chartam
1331 2713 1544 2789 dedecorare
1553 2712 1748 2811 vellemus,
1775 2718 1810 2791 hi
1822 2743 1928 2818 tege,

614 2835 757 2912 terent,
775 2841 858 2895 cum
877 2843 918 2894 ea
935 2814 1029 2920 ipsa,
1047 2839 1128 2917 quae
1146 2813 1335 2915 Zvvinglio
1352 2811 1475 2889 nostro
1489 2811 1692 2920 objiciunt,
1712 2813 1831 2894 finon
1845 2816 1929 2936 lon·x

658 3122 710 3203 (b)
730 3122 795 3188 Vix
818 3123 925 3209 aliqui·
944 3124 1103 3207 reperietur
1125 3121 1350 3208 bomostndt'osrn
1362 3121 1421 3210 (itt
1434 3119 1647 3192 RlVETUS
1663 3121 1800 3192 Exercit.
1815 3124 1847 3189 in
1864 3123 1931 3189 Ge·

622 3203 687 3266 nes.
704 3222 732 3267 c.
750 3205 801 3268 28.
831 3223 862 3284 p.
880 3203 970 3288 478.)
991 3214 1043 3296 qui
1054 3209 1155 3291 stmile
1175 3232 1231 3276 nort
1244 3209 1385 3291 senserit,
1411 3207 1568 3273 domimi·
1588 3224 1690 3295 serape
1710 3209 1809 3290 vifm
1822 3207 1927 3296 fusffi,

621 3283 678 3347 vel
695 3285 771 3371 qaod
790 3291 822 3349 in
844 3286 926 3352 libris
938 3289 1054 3377 aliquid
1065 3293 1186 3379 legeret,
1214 3291 1268 3353 vel
1281 3311 1348 3354 rum
1361 3288 1458 3379 aliquo
1472 3292 1645 3375 disputaret,
1672 3302 1728 3352 m
1738 3291 1927 3376 ratiocinans

621 3378 691 3440 tur,
712 3391 796 3454 quem
812 3385 899 3433 antea
912 3395 967 3436 aon
983 3375 1213 3537 memippffitfibi
1226 3374 1344 3458 visum,
1373 3373 1648 3456 Taliasomaim
1657 3387 1765 3454 genera
1778 3372 1856 3429 im
1868 3386 1927 3441 M:

619 3451 733 3513 ruralia
747 3451 788 3524 ἐπ’
800 3457 1070 3537 paneirdtnariar
1098 3477 1231 3526 uantur.
1521 3470 1525 3481 '
1631 3464 1634 3470 “
1821 3530 1830 3547 .
1915 3507 1917 3512 -

500 3579 503 3586 .
593 3579 595 3582 ι
665 3534 716 3616 (c)
739 3536 835 3602 Certe
858 3540 919 3619 ipsa
943 3541 1121 3609 ERASMI
1146 3543 1268 3624 Adagia
1289 3543 1369 3605 hanc
1382 3541 1573 3605 calumniam
1587 3533 1729 3627 refellere
1742 3530 1926 3614 potutffent,

620 3631 698 3683 cum
720 3637 756 3681 ex
772 3621 815 3697 ,iis
833 3623 966 3700 conflet,
995 3641 1090 3703 quam
1110 3623 1230 3686 Latinis
1246 3621 1475 3705 Scriptotibus,
1502 3638 1538 3684 ea
1552 3623 1692 3692 locutio,
1718 3617 1927 3680 arctarant·

621 3700 693 3766 besl
720 3703 827 3782 nescio,
859 3703 1073 3780 inconsueta,
1093 3702 1133 3767 de
1146 3724 1178 3768 te
1193 3709 1244 3768 vel
1262 3707 1389 3771 homine
1403 3708 1532 3787 ignoto,
1552 3699 1613 3762 vid.
1631 3693 1730 3776 Opet.
1746 3694 1924 3767 Ettnslvl.

622 3780 724 3852 Toni.
742 3805 777 3852 rr.
801 3785 858 3850 fol.
877 3786 947 3851 261.
977 3789 1026 3850 ubi
1044 3789 1127 3854 varia
1139 3805 1212 3852 eum
1228 3788 1260 3850 in
1277 3791 1375 3855 finem
1409 3793 1538 3876 negas,
1558 3799 1595 3843 ex
1612 3777 1805 3843 Authoribus
1819 3780 1925 3863 priscis

619 3884 715 3953 atque
730 3867 867 3943 Patribus
886 3865 1107 3938 Ecclesiasticis
1122 3871 1263 3936 videmus
1281 3809 1421 3954 exempla
1457 3884 1525 3950 Jam
1541 3882 1615 3961 nott,
1625 3862 1799 3944 repetenda.

667 3954 718 4036 (d)
738 3951 796 4031 Et,
825 3952 945 4036 quidni,
979 3970 1046 4018 tum
1069 3956 1119 4039 ipfi
1138 3954 1299 4027 bothero,
1326 3957 1380 4036 qui
1397 3916 1497 4018 Tlotu.
1515 3969 1538 4014 r.
1559 3944 1699 4046 Fpiibp.
1720 3965 1790 4046 1¹24.
1810 3943 1925 4046 Papam

623 4035 702 4101 dum
727 4035 949 4102 Antichrissum
974 4037 1034 4101 effe
1057 4040 1166 4107 refert:
1196 4037 1316 4118 Nescio,
1346 4037 1462 4112 scribit,
1490 4031 1566 4098 uude
1588 4043 1714 4097 verim
1727 4030 1787 4113 istae
1801 4031 1926 4112 meditaq

622 4117 730 4189 tiones?
749 4120 902 4202 ejusmodi
916 4121 1101 4204 dogmatum
1114 4127 1163 4188 vei
1180 4116 1368 4193 incertitudo
1385 4124 1436 4183 vel
1451 4117 1565 4185 salutat
1581 4113 1818 4185 adscriberetur?

655 4203 704 4288 (e)
724 4199 823 4274 Conf.
837 4204 868 4288 J.
884 4202 984 4274 Henr.
999 4203 1243 4292 Hor‘rttvu,
1257 4204 1302 4274 H.
1317 4198 1357 4270 F„
1377 4196 1450 4271 Sec.
1466 4219 1532 4272 xvi.
1552 4199 1657 4311 Tgtt·
1675 4216 1706 4285 p·
1723 4213 1874 4288 3³2·395·
1912 4286 1919 4300 ‚
