4884 5042
1139 575 1263 669 (aaa)

561 713 702 802 multoz.
730 714 830 791 Olim
848 713 1021 805 dicebant,
1045 738 1112 814 ego
1125 717 1201 788 sum
1212 716 1388 807 Thumae,
1410 740 1477 818 ego
1485 716 1563 792 l'um
1577 714 1692 808 scoti,
1708 713 1842 792 Hiero·

561 847 586 894 n
611 820 688 904 rui,
719 817 775 885 nu
804 810 933 899 ustini,
962 811 1143 883 Franctl'ci.
1164 810 1234 882 ἃς.
1281 814 1394 884 Nunc
1418 813 1480 909 qui
1507 814 1671 901 veniunt,
1701 814 1841 905 dicunt,

564 845 646 1013 hygo
663 911 738 983 sum
751 834 931 993 (linitus,
952 903 1087 976 interim
1111 925 1221 977 tamen
1236 902 1418 978 dilacerant
1435 904 1598 994 fratrem,
1625 907 1728 978 multi
1750 909 1844 980 avari

562 1008 659 1090 sunt,
680 1002 730 1075 sui
747 1020 906 1088 amantes,
924 1001 959 1072 &
974 1023 1054 1095 quae
1069 999 1153 1069 Dur
1170 998 1247 1069 sunt
1262 999 1489 1098 negligentes,
1510 1001 1595 1072 nihil
1610 1000 1724 1073 minus
1736 1024 1845 1096 quam

562 1099 759 1172 duritatem
784 1091 961 1166 fflantes:
986 1100 1009 1163 α’
1033 1093 1199 1188 sinilibus
1221 1112 1336 1177 eorm
1356 1099 1534 1194 cognoscetis
1553 1122 1622 1183 eos,
1655 1094 1739 1166 dicit
1766 1096 1847 1167 Do·

562 1214 688 1264 mutus.

616 1289 662 1358 At
676 1283 716 1354 in
733 1282 801 1354 lroc
818 1279 1025 1378 cognoscent
1042 1301 1181 1368 omnes,
1205 1281 1301 1378 quod
1316 1282 1383 1354 mei
1401 1280 1484 1370 fitis,
1508 1279 1534 1353 fi
1552 1279 1772 1355 dileffionem
1785 1284 1848 1355 ha·

566 1377 730 1464 buerius,
750 1374 965 1447 adinvicem.
1015 1374 1122 1447 cene
1135 1376 1171 1447 ὅ(
1183 1375 1218 1446 bi
1230 1397 1311 1471 quae
1323 1376 1444 1472 piacita
1457 1375 1681 1469 suntpopulo
1693 1376 1851 1473 loquun-

566 1494 637 1548 tur.
685 1472 810 1544 Veram
827 1467 922 1541 istam
933 1469 1062 1541 Chrilti
1078 1468 1286 1556 doctrinam,
1310 1492 1392 1565 quae
1407 1470 1524 1558 docet,
1545 1470 1675 1574 semper
1688 1470 1850 1569 injuriam

520 1601 523 1607 ·
566 1567 754 1659 ferendam,
770 1587 950 1658 nunquam
962 1565 1185 1651 inferendam,
1197 1563 1415 1635 resistendum
1428 1561 1540 1650 malo,
1550 1561 1604 1634 sed
1617 1588 1651 1634 ur
1662 1562 1759 1636 bono
1773 1566 1851 1639 vin·

567 1663 715 1734 oendum
732 1658 882 1745 malum,
900 1657 1008 1751 ei-qui
1020 1656 1130 1730 ausen
1147 1681 1229 1752 quae
1245 1656 1409 1745 nusum,
1436 1681 1505 1728 non
1521 1657 1849 1751 contradicendum,

567 1759 694 1852 petenti
704 1754 944 1853 dimidietatem
956 1750 1160 1846 pollelliom's
1171 1751 1422 1917 relinguendam
1437 1772 1560 1836 totam,
1573 1774 1676 1822 nemo
1688 1754 1849 1828 inculcat.

569 1849 696 1920 Omnis
710 1846 765 1919 ille
778 1845 907 1917 Christi
927 1844 1036 1918 sermo
1048 1848 1081 1916 in
1089 1867 1210 1916 monte
1221 1847 1252 1915 fa
1292 1869 1347 1934 us,
1366 1845 1501 1939 penit-us
1511 1845 1713 1943 negligitur,
1728 1849 1762 1919 in
1774 1873 1851 1943 quo

571 1943 735 2017 Christus
754 1940 971 2012 christianum
992 1940 1164 2010 hominem
1189 1939 1350 2027 instituit,
1369 1960 1474 2034 atque
1486 1940 1601 2010 omnia
1624 1962 1707 2033 quae
1727 1943 1853 2018 docuit

570 2037 604 2106 in
617 2037 735 2106 ultima
750 2034 805 2105 illa
821 2058 919 2104 coena
933 2057 991 2126 per
1002 2034 1245 2129 compendium
1265 2033 1422 2105 declarat.
1471 2035 1562 2105 Haec
1572 2057 1643 2104 non
1659 2036 1853 2127 docentur,

569 2150 627 2201 aut
640 2130 663 2201 st
675 2130 858 2214 docentur,
870 2126 992 2224 frigide
1004 2129 1040 2199 ὃ(
1048 2128 1147 2220 juxta
1161 2128 1397 2223 praescriptum
1410 2128 1598 2200 humanum
1612 2129 1744 2218 adhuc,
1765 2156 1851 2228 qua·

572 2220 809 2296 relinefrudtu
820 2222 855 2290 δι
873 2218 970 2289 fines
988 2220 1084 2308 nitu,
1095 2223 1156 2315 qui
1170 2220 1193 2290 fi
1207 2245 1276 2292 non
1287 2220 1395 2308 adest,
1409 2247 1476 2294 non
1490 2222 1670 2318 pollumus
1681 2227 1852 2298 recordari

430 2373 434 2377 .
569 2318 725 2389 omnium
751 2311 879 2385 Christi
897 2336 959 2384 ver
1009 2337 1098 2384 rum.
1147 2315 1229 2386 Nec
1246 2316 1375 2405 aderit,
1401 2317 1564 2412 quamdiu
1592 2317 1760 2388 carnalem
1781 2322 1852 2415 ejus

570 2411 740 2483 credimus
751 2408 1061 2503 praesentiam‚.quia
1072 2429 1113 2482 ut
1122 2409 1204 2481 dicit
1215 2410 1306 2515 ipse,
1320 2417 1351 2497 fi
1371 2439 1427 2481 non
1448 2411 1569 2498 abiero,
1584 2417 1769 2504 paracletus
1792 2442 1849 2484 m

570 2515 685 2577 veniet.
735 2505 842 2589 Haec,
875 2503 929 2600 pie
949 2502 1079 2574 ledor
1091 2502 1200 2576 obiter
1214 2504 1275 2576 ubi
1292 2504 1493 2600 scripfimus.
1543 2505 1671 2576 Veram
1686 2507 1853 2579 dominici

571 2599 723 2695 corporis
738 2598 1029 2669 manducationem
1050 2598 1085 2669 ὅ(
1104 2597 1276 2697 sanguinis
1292 2601 1501 2692 potationem
1522 2597 1805 2687 breviemilluri‚
1827 2601 1853 2673 fi

570 2695 604 2766 id
618 2695 765 2765 voluerit
779 2692 926 2764 DEUS.
977 2693 1114 2767 lnrerim
1128 2719 1185 2764 ora
1199 2718 1242 2765 ne
1251 2693 1384 2764 deficiat
1396 2694 1480 2765 fides
1491 2701 1621 2784 nostra,
1636 2713 1748 2789 utque
1762 2720 1852 2774 verae

564 2813 652 2865 [eves
666 2811 779 2863 veram
792 2786 931 2884 pastoris
941 2809 1011 2861 non
1020 2790 1211 2861 alienorum
1223 2812 1344 2862 vocem
1357 2787 1544 2863 audiamus.

1018 3021 1173 3129 Num.
1209 3021 1402 3129 XXIV,

874 3264 1254 3341 lE'UCHARlSTlAE
1272 3268 1363 3364 apud
1376 3270 1544 3367 Tigurinos

1024 3360 1232 3434 celebrandae
1248 3359 1397 3435 formula
1599 3436 1602 3442 ,

943 3455 1314 3561 pauloameZwinglii
1329 3478 1474 3533 mortem
1521 3550 1526 3558 Ι

1045 3619 1047 3623 ,
1124 3574 1299 3647 concept-a.

555 3792 559 3797 ·
653 3753 820 3834 Oronidis
829 3759 898 3855 jam
912 3754 990 3828 loco
1003 3754 1059 3827 hic
1069 3778 1114 3828 ex
1127 3752 1224 3826 Fidei
1237 3754 1438 3826 Christianae
1451 3754 1678 3847 Expofitione
1687 3761 1730 3835 ad
1747 3761 1854 3835 Fran·

573 3783 653 3946 C
675 3854 800 3927 ciscum
815 3851 841 3921 l.
855 3852 990 3948 Regem
1007 3849 1136 3926 Gnnae
1156 3848 1292 3942 scripta,
1305 3848 1409 3945 paulo
1420 3873 1496 3923 anre
1508 3852 1674 3952 Zwinglii
1693 3879 1860 3944 monem,

572 3944 609 4020 ὅ(
629 3947 865 4047 quinquennio
880 3945 1017 4016 demum
1093 3946 1200 4038 stejus
1219 3966 1361 4015 mortem
1384 3945 1490 4035 edita,
1513 3948 1548 4019 in
1566 3953 1664 4044 Opp.
1688 3949 1859 4048 Zwinglii

573 4040 668 4123 'som
683 4042 798 4115 ll.fol.
810 4051 890 4143 563.
905 4040 982 4136 564.
1070 4040 1176 4113 rimus
1196 4037 1283 4110 hanc
1306 4039 1510 4134 Eudoistiae
1532 4053 1566 4114 in
1589 4048 1730 4136 Ecclefiae
1759 4051 1864 4144 Tagu-

1791 4149 1865 4211 riu
