4884 5042
1243 557 1363 669 's16·l

706 769 791 840 Sint
812 765 940 839 llrenui
958 766 994 837 in
1013 775 1121 863 opere
1145 769 1181 838 in
1198 769 1284 840 aller
1302 763 1435 863 Tugend
1447 773 1540 861 rein,

712 863 898 936 Calescant
917 862 1027 935 corda
1046 862 1207 955 omnium
1234 869 1270 935 in
1286 866 1397 936 deiner
1414 867 1498 938 Lieb
1514 870 1636 958 allein,

706 962 738 1034 F
741 986 781 1032 ac
799 959 988 1032 sanslitatis
1006 958 1190 1054 speculum
1215 964 1266 1032 all
1281 962 1337 1032 ihr
1353 964 1453 1034 Gebet
1469 963 1538 1034 und
1554 966 1668 1056 Lehr,

707 1060 778 1130 Pro
798 1055 964 1130 omnibus
982 1056 1209 1152 opprobriis,
1230 1058 1287 1154 gib
1304 1064 1390 1155 cwig
1407 1062 1519 1132 Freud
1533 1064 1602 1132 und
1616 1064 1726 1132 Ehe.-

649 1301 654 1314 ·
725 1251 841 1325 Nunc
858 1252 902 1324 ad
922 1250 1110 1348 religiones
1128 1249 1162 1323 se
1179 1255 1382 1351 convertit,
1409 1253 1642 1349 Evangelicae
1663 1253 1890 1349 persedionis

850 1347 1084 1423 miserrimum
1104 1347 1240 1446 lapsum
1260 1352 1385 1424 intime
1404 1351 1603 1446 deplorans.
1646 1353 1768 1426 Primo

836 1502 839 1509 ,
975 1445 1210 1519 institutionis
1228 1449 1305 1544 ejus
1321 1449 1501 1546 originem
1523 1468 1651 1522 narrat.

701 1576 781 1668 Jam
800 1576 896 1647 viros
915 1572 1180 1672 Evangelicos,
1206 1577 1259 1649 ich
1278 1583 1364 1650 mein
1381 1581 1433 1649 die
1451 1577 1576 1674 heilgen
1594 1580 1729 1671 Orden,

703 1673 820 1764 Quis,
842 1695 960 1769 rogo,
989 1673 1098 1770 digne
1116 1670 1268 1766 defleat,
1294 1675 1355 1748 den
1374 1677 1530 1768 Jammer
1546 1680 1605 1758 der
1620 1679 1664 1748 da
1683 1679 1846 1752 worden?

703 1769 818 1866 Quod
837 1771 911 1842 vita
931 1770 1166 1866 Apostolica,
1192 1774 1253 1846 das
1273 1773 1354 1847 Gott
1365 1773 1464 1870 selbst
1482 1776 1544 1847 her
1559 1777 1739 1867 erkohren,

701 1866 818 1940 Nunc
837 1866 928 1942 fasla
945 1868 995 1941 est
1014 1866 1195 1964 vilissima,
1222 1874 1404 1945 verdorben
1422 1872 1491 1942 und
1507 1871 1691 1943 verlohren.

701 2006 783 2080 Hos
802 2006 1005 2107 segregavit
1023 2008 1206 2079 Dominus
1228 2013 1334 2078 allein
1348 2031 1417 2075 von
1434 2011 1519 2075 aller
1535 2008 1652 2090 Welr,

700 2103 745 2176 In
764 2104 858 2177 filios
877 2102 1091 2175 chariffimos
1115 2105 1177 2170 hat
1195 2099 1390 2188 erfieselbst
1406 2099 1575 2185 erwasrlt,

700 2202 757 2276 Ut
776 2201 841 2273 soli
860 2198 924 2269 fibi
941 2195 1112 2281 serviant,
1138 2191 1372 2283 verschmahen
1389 2192 1478 2262 allen
1496 2192 1635 2282 Schein,

698 2298 852 2372 Ardenti
870 2290 978 2366 corde
998 2285 1116 2359 sitiant
1140 2289 1196 2376 bey
1216 2288 1314 2359 Gotts
1333 2286 1443 2359 Thron
1468 2312 1517 2359 zu
1531 2286 1618 2381 seyr.

698 2436 742 2508 N
745 2427 924 2503 obilitavit
943 2423 1145 2515 Dominus,
1168 2423 1264 2494 mehr
1281 2427 1332 2495 als
1348 2427 1401 2494 ein
1419 2423 1646 2522 Konigrer'ch,

693 2503 755 2603 Ut
771 2519 943 2618 reprobus
961 2517 1142 2593 vilissimus
1167 2519 1303 2592 rehmen
1312 2523 1379 2615 fies
1396 2520 1659 2617 Himmrlrer‘eh,

697 2627 747 2697 Et
767 2640 999 2719 coaequarent
1015 2617 1172 2717 angelis,
1195 2618 1302 2690 ,dnrch
1321 2617 1523 2715 Keuschheit
1541 2622 1594 2695 hie
1612 2619 1694 2719 auff
1704 2621 1842 2719 Erden,

695 2724 871 2821 Paresque
891 2719 962 2794 Dei
981 2717 1058 2792 filio
1083 2718 1187 2792 derrh
1205 2714 1369 2814 Ghorsam
1386 2719 1535 2795 merhten
1552 2724 1698 2798 werden.

698 2868 737 2942 O
757 2891 861 2970 quam
882 2864 1049 2941 immensa
1067 2864 1202 2962 gratia,
1227 2869 1294 2938 wie
1307 2860 1408 2960 grosz
1427 2864 1467 2960 ist
1487 2869 1602 2942 Gettes
1620 2869 1741 2962 Gnad,

696 2968 819 3063 Quam
837 2967 1018 3038 vermibus
1036 2961 1207 3034 vilissimis
1232 2988 1270 3032 er
1277 2963 1379 3054 selbst
1397 2969 1566 3039 verlieherr
1581 2967 1666 3058 hat,

697 3068 803 3161 Quos
824 3061 887 3131 fibi
906 3056 1158 3146 amiciffimos,
1177 3081 1213 3125 er
1222 3056 1333 3149 selber
1349 3059 1412 3130 hat
1427 3063 1553 3160 ersehn.

695 3163 776 3241 Prae
795 3154 964 3228 creaturis
981 3149 1146 3224 omnibus
1163 3153 1320 3250 seindfie
1337 3158 1390 3230 die
1408 3161 1539 3255 siebsten
1557 3163 1659 3238 Sohn.

697 3295 757 3366 Ab
775 3291 942 3366 omnibus
960 3289 1175 3373 tumultibus
1201 3297 1334 3372 bebutet
1351 3324 1387 3371 er
1404 3299 1465 3372 das
1481 3305 1621 3390 Hertz,

698 3391 761 3465 Ne
780 3391 903 3464 mundi
922 3393 1019 3466 vanis
1037 3389 1173 3467 auibus
1198 3399 1339 3491 entjlehe
1350 3399 1475 3491 groffer
1491 3399 1690 3489 Scbmrtz,

696 3492 768 3564 Sed
790 3491 917 3565 starent
934 3494 972 3567 in
988 3491 1227 3584 absconditis,
1251 3488 1308 3584 bey'
1326 3494 1396 3562 ihm
1408 3496 1449 3561 e‘n
1464 3493 1720 3582 hochsterRuh.

697 3590 855 3663 Gustent
873 3593 959 3667 coeli
979 3593 1143 3684 delicias,
1168 3592 1227 3662 ihr
1240 3599 1345 3660 reines
1362 3589 1478 3660 Hertz
1495 3591 1620 3660 darzu.

610 3812 611 3816 Ἰ
699 3730 846 3804 Summa
864 3731 914 3806 est
931 3758 1020 3832 ergo
1039 3727 1198 3805 sandlitas
1219 3726 1410 3822 gebuhrer‘rd
1422 3724 1561 3814 salchem
1579 3724 1711 3816 Stand,

696 3827 818 3920 Quem
837 3834 1003 3907 omnibus
1024 3823 1232 3925 praeextulit
1257 3823 1309 3915 die
1322 3825 1483 3923 gwaltige
1501 3824 1616 3894 Gettes
1633 3822 1752 3894 Hand.

695 3926 825 4024 Mens,
851 3933 964 4019 fama,
990 3928 1085 4015 vita,
1111 3943 1240 4019 opera,
1257 3923 1326 4015 soll
1340 3926 1412 3995 rein
1428 3920 1498 3991 und
1513 3919 1614 4017 heilig
1636 3921 1780 3994 werden.

695 4029 753 4103 Ac
771 4027 962 4104 sanstitatu
982 4019 1190 4118 speculum,
1210 4033 1320 4114 gantz
1337 4023 1422 4094 aller
1438 4019 1535 4094 Welt
1551 4017 1634 4115 auff
1644 4021 1771 4096 Erden.

1909 4216 1958 4292 Se
