4884 5042
1151 591 1294 691 turi

570 760 679 815 unum
704 739 859 813 nascetur
885 736 1008 829 turba,
1030 738 1108 813 hinc
1133 736 1304 811 bonorum
1326 749 1471 831 opetum
1502 732 1856 829 proventuseresoet,

570 832 644 905 lrirrc
655 840 746 930 quasi
763 837 975 932 adspecitlssrrt
985 841 1049 911 ‚vel
1057 832 1180 925 sordidi
1196 837 1340 903 maculat
1358 835 1550 928 detergent,
1576 829 1629 900 vel
1650 832 1727 924 pirri
1745 827 1860 902 sema·
1909 901 1914 914 ,

569 926 622 1093 gis
642 929 865 1003 adornabunt.
915 929 1010 1001 Hinc
1024 927 1085 1001 fibi
1099 925 1159 1023 ipsi
1171 926 1250 1020 quis
1262 923 1487 1024 praedagogus
1499 925 1582 1012 erit,
1602 926 1638 996 &
1652 946 1787 1017 repente
1798 925 1860 997 do·

602 1046 648 1092 or
657 1025 786 1097 evadet.
835 1022 901 1097 Sed
913 1021 1178 1096 manifestiorest
1193 1019 1332 1107 utilitas,
1355 1042 1461 1114 quam
1481 1040 1520 1092 ut
1533 1019 1623 1090 deca
1637 1018 1860 1092 verbalace'ie
1979 1060 1981 1064 ·

570 1139 659 1211 opus
673 1115 722 1189 sit.
773 1117 887 1190 Etiam
900 1115 924 1188 si
936 1140 1005 1188 non
1018 1139 1107 1190 tanta
1117 1114 1215 1203 ellet,
1237 1136 1275 1186 ut
1289 1112 1337 1186 est
1354 1112 1516 1201 maxima,
1531 1113 1645 1182 omnia
1656 1131 1767 1184 tamen
1778 1137 1859 1208 quie

571 1208 706 1282 interim
725 1233 891 1310 aguntur,
912 1234 1029 1283 omnes
1047 1210 1267 1295 ceremoniae,
1289 1232 1408 1280 omnes
1425 1212 1524 1297 ritus,
1545 1228 1585 1277 ut
1602 1205 1778 1300 diligentes
1798 1231 1858 1278 au·

547 1303 697 1377 ditores
710 1304 828 1395 fimus,
849 1325 1056 1379 oosvocaot.
1104 1304 1222 1398 Quare
1238 1303 1347 1374 altiori
1360 1301 1857 1397 voce-cantatureuangelium,

570 1393 678 1471 iinon
695 1398 803 1474 ass'unt
816 1400 878 1497 qui
893 1401 1061 1498 capiunt?
1079 1423 1185 1498 quare
1203 1418 1238 1469 iii
1254 1396 1441 1471 aediiiorem
1460 1397 1578 1469 locum
1595 1392 1857 1469 conscenditur?

571 1514 677 1587 quare
693 1495 734 1567 ad
752 1495 921 1591 populum
940 1493 1123 1591 proditur?
1148 1516 1253 1589 quare
1269 1493 1501 1565 accenduntur
1521 1489 1607 1564 cerei
1621 1487 1636 1561 i
1649 1486 1859 1592 quartini»

570 1608 659 1684 gunt
672 1590 811 1662 omnes?
833 1612 937 1686 quare
947 1590 1143 1686 adaperiunt
1166 1586 1296 1682 capita?
1319 1610 1424 1682 quare
1443 1587 1595 1684 arrigunt
1606 1582 1731 1657 austri.
1745 1583 1781 1656 Si
1795 1584 1858 1681 igi·

572 1701 629 1750 tur
646 1681 729 1755 desit
747 1686 993 1780 interpretatio,
1013 1705 1123 1755 onnon
1141 1681 1207 1754 dici
1227 1679 1325 1752 vobis
1348 1681 1495 1777 poterit,
1516 1678 1671 1828 populus
1694 1679 1750 1751 hic
1767 1678 1858 1749 auri·

573 1770 639 1847 bus
652 1799 706 1848 me
719 1777 877 1865 honorat,
898 1799 959 1848 cor
975 1798 1088 1850 autem
1105 1799 1222 1849 eorum
1243 1776 1407 1871 longeest
1425 1775 1525 1847 ime.
1555 1775 1641 1846 Non
1661 1790 1858 1876 impropero

573 1869 673 1941 vobis
682 1870 884 1962 Judaeorum
897 1870 1080 1960 maliciam,
1106 1870 1167 1966 qui
1187 1868 1576 1956 incircumciliauribus,
1601 1864 1773 1939 audientes
1788 1889 1857 1938 non

572 1961 761 2037 audiebant.
813 1964 1081 2039 Nonmihiellis
1098 1967 1224 2037 domus
1237 1963 1449 2058 exasperans,
1465 1962 1633 2058 uipolato
1644 1984 1722 2032 meo
1741 1961 1859 2058 lingtti

571 2056 896 2148 adhaereredebeat,
917 2060 954 2132 ὃ(
972 2058 1034 2132 fiiri
1062 2058 1160 2131 vobis
1177 2079 1216 2130 ut
1233 2076 1371 2145 mutus,
1392 2057 1492 2154 juxta
1511 2053 1858 2134 Encnetismuum.

574 2155 734 2225 Attamen
746 2176 825 2227 vere
834 2153 875 2227 ad
889 2177 950 2225 vos
961 2153 1103 2250 pertinet
1114 2151 1313 2226 vaticinium
1330 2150 1587 2239 &marearum
1601 2149 1632 2221 ii
1643 2167 1778 2246 gratum
1791 2149 1859 2238 est,

573 2245 670 2340 quod
688 2248 827 2333 auditis,
852 2249 889 2321 &
908 2272 978 2321 non
996 2248 1199 2345 intelligitis,
1224 2246 1248 2318 fi
1271 2247 1317 2317 ita
1331 2244 1471 2318 auribus
1493 2246 1622 2335 ostatis,
1643 2263 1682 2316 ut
1696 2243 1775 2316 olibi
1798 2266 1859 2317 cor

572 2342 870 2501 illuni?
888 2341 1066 2504 ²l⁰n¹¹s¹l⁹
1083 2341 1223 2502 pain
1241 2340 1392 2502 llllllll’
1413 2338 1856 2523 l⁰lmi⁶ll³l⁰lluolllil

573 2452 637 2604 titis
658 2455 1248 2629 Christiani⁹dleleriusllilibeebgilrllis⁰i
1276 2523 1366 2625 Quis
1387 2456 1630 2630 luditupoaeulo
1649 2456 1857 2628 coinoediatll
1983 2600 1986 2605 ,

515 2679 519 2687 .
574 2615 631 2688 vel
654 2615 874 2719 tragoediam,
902 2640 1076 2781 peregriua
1102 2637 1232 2689 tantum
1264 2615 1405 2719 lingua?
1436 2619 1526 2710 Qus
1542 2549 1669 2713 ligatos
1694 2619 1857 2717 inscipit,

571 2733 654 2783 euin
686 2709 814 2805 quibui
851 2710 986 2784 nulum
1024 2708 1152 2820 linguae
1180 2732 1425 2785 commercium
1463 2712 1576 2785 haberi
1606 2711 1748 2806 potest?
1784 2712 1857 2785 Cui

599 2920 693 2971 uitur
709 2922 790 2995 quae
821 2900 961 2998 intelligi
990 2905 1037 2997 po'
1063 2900 1150 2973 unt?
1179 2903 1242 2981 An
1262 2921 1332 2970 non
1352 2899 1419 2970 hoc
1434 2901 1500 2984 est,
1519 2921 1567 2993 qu

571 2921 720 3081 iloies,
752 2993 809 3066 ille
839 2994 969 3089 alioqui
997 2996 1151 3068 inomni
1190 2994 1443 3092 AEgyptiorum
1472 2990 1646 3087 disciplina
1672 2990 1856 3083 eruditus,

572 3108 654 3174 tum
683 3089 752 3159 ait:
783 3090 840 3161 Ah
865 3093 1020 3179 Dimitte,
1043 3117 1100 3161 nors
1114 3093 1190 3183 sutri
1210 3095 1349 3184 eloquerer
1371 3086 1412 3158 ab
1430 3088 1500 3158 lieri
1521 3093 1560 3165 (ῥ’
1582 3089 1697 3158 nudius
1719 3093 1854 3176 tertius,

571 3208 615 3261 ex
637 3207 700 3276 quo
724 3186 870 3277 loquutus
901 3211 933 3254 es
955 3187 1001 3255 ad
1026 3187 1156 3281 ftrvum
1185 3207 1304 3270 tuum,
1329 3183 1533 3277 impeditioris
1559 3183 1769 3258 &tardioris
1791 3185 1856 3253 lirr-

562 3301 637 3377 ‘gua
652 3274 726 3368 firm
747 3276 762 3348 l
789 3277 886 3368 Quid
912 3277 1067 3368 dixillet,
1088 3279 1113 3354 fi
1140 3299 1232 3353 totus
1249 3275 1438 3350 barbarus?
1465 3280 1592 3349 Annon
1615 3278 1652 3350 &
1669 3274 1760 3349 idem
1777 3300 1858 3351 cau·

570 3371 883 3461 saturllieremias,
903 3397 984 3446 cum
997 3379 1097 3470 luper
1111 3393 1227 3472 gentes
1238 3374 1275 3447 &
1288 3394 1389 3472 regna
1400 3371 1663 3444 constitueretur
1681 3370 1857 3467 propheta,

568 3467 612 3540 ἃ
629 3465 769 3538 diceret:
798 3468 850 3555 A,
868 3491 904 3555 a,
933 3493 967 3554 a,
995 3468 1145 3542 Domine
1162 3469 1278 3556 Deus,
1299 3469 1392 3538 Ecce
1408 3465 1519 3538 nelcio
1536 3467 1570 3535 lo
1597 3465 1654 3550 ui,
1674 3465 1753 3561 quia
1771 3489 1857 3560 puer

572 3582 640 3660 ego
657 3562 744 3634 sum.
793 3562 880 3634 Non
898 3561 1040 3667 omnino
1058 3583 1179 3668 mutus·
1191 3583 1281 3650 etat,
1302 3562 1358 3633 sed
1372 3558 1546 3667 diffidebat
1565 3490 1595 3632 ἓ
1612 3560 1745 3664 populo
1764 3559 1857 3655 poll'e

571 3656 785 3763 persuadete.
834 3657 955 3729 Nobis.
965 3681 1008 3730 ne
1022 3683 1114 3731 curae
1132 3678 1213 3745 erit,
1235 3676 1427 3729 utomnino
1444 3679 1512 3726 non
1529 3652 1773 3754 intelligamur,
1794 3677 1856 3726 nec

566 3749 823 3855 intelligamus?
854 3752 957 3825 Estne
974 3752 1040 3825 hoc
1055 3772 1233 3851 argentum
1251 3749 1479 3858 eloquentie,
1499 3753 1595 3854 quod
1614 3749 1649 3820 in
1668 3745 1856 3854 edificium

573 3843 783 3918 tabernaculi
794 3844 1372 3944 inferimus?Suntnehaecmystim
1383 3843 1703 3923 sacerdotalis-vellis
1714 3841 1856 3946 cymba-

576 3936 630 4009 la?
657 3939 1054 4041 Sunthaerubaeaergenreae
1070 3943 1217 4029 nattes,
1239 3947 1334 4013 adeo
1383 3940 1559 4038 regandam
1578 3935 1855 4010 multitudinem?

577 4030 694 4133 Multa
713 4032 839 4128 pollem
857 4056 902 4107 ex
918 4037 1090 4132 scripturis
1106 4035 1296 4109 testimonio
1313 4031 1368 4107 col
1383 4033 1495 4134 igere,
1523 4034 1578 4107 sed
1595 4027 1735 4119 sufficiat
1759 4028 1858 4103 nobis

569 4146 682 4199 titius
705 4127 994 4222 tornationes,
1020 4132 1119 4230 cujus
1131 4127 1182 4202 fifi
1177 4129 1322 4300 1pitina
1337 4128 1459 4217 menti,
1484 4126 1618 4203 nonest
1635 4126 1730 4224 quod
1744 4148 1862 4195 verea-

1241 4247 1266 4300 2
1472 4271 1477 4279 ·
1763 4241 1867 4308 mur,

572 2823 641 2909 tam
678 2825 794 2903 gratus
824 2809 987 2895 nuntius,
1011 2830 1111 2973 cippus
1138 2804 1246 2877 sermo
1267 2802 1427 2898 ignotus:
1456 2826 1495 2878 ut
1516 2804 1652 2970 imoqtii
1678 2803 1779 2875 verba
1802 2806 1854 2876 lo·

1631 2897 1855 2992 conqueritur
