4884 5042
479 639 490 656 =
628 644 697 716 252
836 602 1796 718 urs-‘rontnuvn-Nonttr

629 734 774 806 militari
790 759 832 809 ac
847 734 962 824 truci,
979 731 1081 828 gellu
1098 729 1330 822 histrionico,
1347 731 1384 804 ἃ
1404 730 1534 805 incessu
1547 734 1749 832 impetuoso
1759 736 1936 832 ferociter„

629 834 750 912 omnia
776 831 913 933 egillet.
955 826 1132 902 Confecta
1157 828 1206 900 ita
1224 853 1260 900 re
1277 830 1370 901 inter
1386 829 1538 902 Eccium
1557 832 1594 905 ὅ(
1615 833 1927 932 Carolostadium,

630 925 702 1024 ipsc
728 951 873 1024 quoque
899 922 1204 1000 LUTHERUS
1232 949 1314 997 cnm
1345 924 1458 999 Eccio
1482 923 1533 997 est
1558 930 1791 1028 congressus:
1830 938 1929 1011 Cum

627 1025 722 1098 enirn
739 1026 870 1119 Eccius
886 1021 1152 1115 interthemata
1169 1016 1374 1119 proposita,
1401 1022 1470 1094 hoc
1488 1023 1707 1120 postremum
1727 1033 1774 1123 (a)
1795 1031 1930 1130 posuis·

628 1119 696 1196 set:
721 1122 817 1214 Eos,
842 1121 906 1220 qui
916 1122 1124 1194 Romanam
1144 1117 1341 1192 Ecclesiam
1360 1115 1538 1193 affirment
1552 1143 1634 1196 ante
1653 1124 1933 1228 Sylvestripon·.

630 1219 739 1313 {ilicis
758 1238 900 1293 aetatem
920 1238 993 1289 non
1012 1210 1114 1289 suisl'e
1129 1215 1279 1326 primam
1299 1216 1336 1289 &
1349 1216 1579 1317 praecipuam
1593 1223 1777 1319 omnium,
1791 1248 1907 1304 errare
1915 1253 1933 1302 :-

630 1338 713 1400 eum
733 1317 854 1408 enirn,
889 1315 951 1411 qui
969 1311 1067 1405 Petri
1085 1311 1257 1409 prrncipis
1276 1311 1534 1410 Apostolorum
1551 1310 1667 1391 sedem
1686 1317 1792 1420 atque
1817 1323 1926 1402 fidem

632 1412 815 1508 obtinuit,
845 1411 983 1522 semper
1048 1407 1165 1481 uicum
1182 1407 1284 1482 fuiffe
1297 1432 1364 1508 pro
1382 1409 1576 1485 successore
1593 1414 1712 1511 Petri,
1738 1421 1931 1498 &Christi
2037 1510 2039 1515 ,

626 1510 764 1599 vicario
784 1512 822 1583 in
847 1527 961 1582 terris.
1055 1505 1113 1579 uic
1137 1507 1288 1581 themati
1311 1509 1532 1581 contrarium
1554 1510 1651 1587 aliud
1670 1518 1925 1619 promulgabat

590 1696 595 1703 ,
624 1604 836 1700 Lutherus,
869 1629 960 1698 eos,
994 1605 1056 1702 qui
1080 1603 1262 1679 Romanae
1289 1605 1449 1680 ecclesiae
1463 1607 1717 1710 ,principatum
1744 1615 1928 1714 tribuant,

624 1701 823 1790 nitisolum
840 1700 1068 1814 frigidissimis
1087 1700 1497 1798 pontificumdecretis,
1528 1731 1611 1806 quae
1630 1706 1722 1784 facia
1740 1708 1808 1788 sint
1825 1717 1926 1792 annis

624 1800 756 1891 abhinc
783 1799 1071 1898 quadringentis:
1102 1823 1146 1872 ea
1166 1799 1254 1873 verb
1280 1800 1424 1875 decreta
1438 1800 1506 1878 elle
1521 1804 1699 1879 contraria
1715 1809 1753 1884 δι
1767 1802 1932 1889 historiis*

624 1899 813 1990 omnibus,
838 1917 920 1974 ante
937 1921 1046 1971 annos
1066 1894 1164 1969 mille
1182 1897 1416 1992 conscriptis,
1439 1900 1478 1975 bc
1495 1900 1612 1997 Sacris¹
1622 1902 1756 1994 literis,
1771 1907 1810 1981 δι
1821 1910 1925 1986 Con·

512 2037 516 2050 -
623 1994 710 2069 cilio
737 2019 881 2094 quoque
907 1995 1077 2084 Nicenu,
1109 1993 1206 2090 quod
1233 1993 1277 2066 fit
1298 1996 1461 2066 omnium
1487 1995 1643 2069 maxime
1660 1999 1811 2077 celebre.
1862 2009 1927 2084 ln·

618 2092 757 2192 gressus
784 2089 876 2191 ergo
900 2090 1176 2185 disputationem
1206 2089 1366 2179 Eccius,
1398 2087 1492 2161 illud
1516 2086 1617 2163 suum
1642 2093 1764 2168 thema
1786 2100 1928 2194 postre-

577 2255 581 2259 ,
622 2213 724 2282 mum
751 2189 906 2286 arripit,
944 2189 1060 2286 deque
1110 2181 1261 2258 otestate
1286 2183 1447 2256 Romani
1470 2185 1655 2284 pontilicis
1682 2189 1721 2264 &
1744 2197 1926 2302 primatu,

621 2284 869 2386 disputationis
888 2287 1030 2359 initium
1049 2306 1070 2356 e
1097 2278 1270 2357 euoluit:
1288 2275 1416 2361 verbm
1432 2280 1644 2387 Lutherus²
1659 2284 1923 2389 breviquadam

622 2384 703 2471 usus
749 2383 956 2473 raefatione,
989 2375 1230 2472 demonstrat,
1249 2396 1514 2478 ¹argumentum
1533 2381 1640 2476 lunc,¹
1660 2385 1744 2484 quia
1759 2386 1860 2463 ralde
1879 2391 1926 2469 fit

623 2411 809 2576 odiodrm,
845 2481 882 2556 &
897 2502 971 2554 non
989 2471 1239 2568 necesarium,
1270 2475 1304 2549 se
1319 2470 1477 2589 maluill'e
1493 2482 1698 2581 praeterire,
1732 2484 1826 2585 &id
1844 2490 1925 2588 qui.

623 2579 705 2656 dem
734 2578 924 2653 Pontificis
941 2577 1076 2678 gratia:
1112 2572 1234 2648 dolere
1250 2593 1369 2648 autern
1390 2568 1477 2670 libr,
1511 2576 1608 2677 quod
1627 2575 1670 2653 ab
1688 2579 1803 2668 Eccio
1822 2584 1864 2660 srt
1880 2613 1926 2662 eo

621 2678 840 2779 pertractus,
876 2677 914 2752 dt
941 2701 985 2749 cu
1014 2695 1072 2748 ere
1098 2696 1195 2746 nunc
1209 2668 1289 2748 suos
1307 2669 1419 2746 adesse
1436 2697 1556 2748 coram
1574 2676 1806 2754 adversarios:
1841 2708 1925 2784 gra·

622 2777 716 2867 riter
740 2776 886 2877 quidem
913 2775 947 2851 se
972 2701 1021 2850 ab.
1043 2772 1111 2847 illis
1136 2769 1373 2873 accusatum,
1404 2774 1504 2877 quod
1526 2792 1645 2851 autem
1674 2803 1719 2850 co
1749 2782 1925 2858 ultionem

620 2873 734 2962 tuusae
752 2899 847 2961 nunc
863 2893 971 2976 atque
987 2875 1114 2982 lucem·
1125 2867 1340 2980 defugiant,
1360 2895 1436 2944 non
1451 2869 1547 2951 reete
1562 2873 1709 2974 abipfir
1720 2802 1812 2953 fieri.
1847 2881 1926 2955 Ec·.

620 2974 697 3048 cius
715 2996 787 3070 quo
815 2996 858 3046 ue
874 2972 1067 3074 praefatus,
1084 2987 1157 3056 art,
1176 2988 1251 3038 non
1267 2964 1301 3039 se
1316 2967 1417 3041 ltretn
1433 2968 1526 3044 hanc
1542 2973 1710 3049 excitasse
1725 2995 1833 3073 atque
1842 2997 1922 3052 tur·

618 3070 725 3164 bam,
756 2998 815 3144 sed
838 3071 1075 3173 Lutlrerunt,
1099 3063 1160 3158 qui
1179 3061 1226 3135 ·&
1253 3063 1294 3134 in
1315 3061 1375 3136 sua
1388 3062 1449 3137 illa
1461 3066 1663 3145 thematum
1680 3073 1924 3171 explicatione

619 3172 763 3268 prima,
795 3168 934 3266 negarit
969 3156 1185 3234 Pontificem
1213 3161 1424 3236 Romanum
1452 3186 1535 3240 ante
1560 3168 1732 3268 sylvestri
1758 3192 1923 3275 tempora

620 3265 720 3343 ilrille
748 3264 893 3359 reliquit
918 3257 954 3329 di
983 3259 1094 3332 nitate
1120 3259 1158 3331 δι
1183 3258 1308 3331 ordine
1325 3259 1507 3359 priorem:
1540 3265 1688 3362 &apud
1706 3267 1919 3341 Ca'etanum

619 3357 867 3448 affirmaverit,
901 3281 1086 3454 Pefagium
1112 3351 1326 3456 pontificem
1352 3355 1397 3430 ad
1413 3356 1516 3435 suum
1534 3358 1720 3435 arbitrium
1763 3359 1921 3438 etorfille

617 3454 734 3565 multa
756 3451 954 3620 Scrppturae
971 3453 1071 3529 loca:
1106 3451 1203 3550 quod
1222 3477 1332 3549 quum
1352 3455 1403 3564 ita
1418 3454 1487 3565 fit,
1511 3476 1660 3565 pmnem
1678 3456 1754 3551 ejus
1770 3457 1821 3569 rei
1837 3459 1918 3572 cul·

616 3547 1312 3740 ltmtlrlllnlntlldlldl,
1334 3549 1488 3744 233¹
1517 3557 1918 3744 'crmb‘jirss‘tiiiiofiif

481 3766 487 3777 ·
617 3740 721 3817 cebat
736 3736 959 3834 institutam,
992 3741 1030 3815 ὃς
1049 3738 1253 3813 Lutlrerum
1271 3740 1530 3816 dissentientem
1548 3742 1702 3816 vocabat
1717 3746 1916 3848 Bahman,

613 3865 658 3923 eo
684 3834 783 3937 quod
803 3834 959 3937 ejusdem
988 3860 1132 3938 quoque
1154 3833 1338 3913 sententiae
1361 3835 1476 3912 fuerat
1502 3836 1590 3913 olim
1616 3841 1758 3938 Jmnes
1784 3851 1916 3944 Huffns.

613 3932 723 4017 Hanc
746 3933 1031 4013 criminationem
1055 3960 1075 4010 a
1097 3931 1131 4011 se
1157 3954 1343 4010 removens
1359 3930 1566 4031 Lutherus,
1597 3936 1752 4026 ostendit
1768 3948 1915 4025 ecclesi.

1857 4074 1916 4126 am

627 4149 700 4301 ra>
722 4215 783 4291 vu.
800 4209 1020 4293 sartum.
1034 4210 1253 4288 commem.
1273 4209 1387 4288 tu...
1404 4198 1462 4289 'nt
1475 4213 1534 4289 n.
1552 4232 1584 4304 r.
1600 4232 1645 4294 ω.
1661 4212 1710 4289 n.
1730 4181 1770 4291 t'
