4884 5042
952 614 955 619 .
1032 515 1040 532 ⁸
1097 552 1231 647 (adt.)

508 707 601 780 mitri
613 702 868 778 Hierichunlini
880 718 1065 774 corruunt:
1084 700 1294 799 deteguntur
1305 699 1432 790 foveae,
1452 701 1494 774 dt
1502 700 1629 798 laquei,
1650 695 1789 786 &doli3

506 798 594 875 Non
605 801 828 895 itapallotum
843 821 963 869 vocem
976 795 1049 891 lupi
1065 793 1214 963 suppum.
1262 795 1358 866 Sicut
1375 796 1473 866 etiarn
1486 797 1568 868 nihil
1582 794 1708 894 gratius
1719 791 1787 863 dae·

507 897 625 984 moni,
646 895 840 971 auditorum
864 888 1085 962 somnolentia
1628 889 1635 900 '

506 991 611 1063 nullis
634 985 795 1085 praesidiis
811 1005 879 1056 tam
895 983 1024 1079 firmat,
1050 1002 1089 1055 ut
1101 981 1278 1056 oblivione
1298 981 1542 1056 beneficiorum
1563 983 1652 1072 Dei,
1673 982 1710 1056 &
1733 1002 1789 1057 nev

532 1083 622 1156 lectu
638 1080 733 1155 ve'rbi
750 1074 868 1152 divini.
917 1081 1045 1166 Cavet,
1067 1101 1109 1150 ne
1124 1077 1341 1151 lux'irtadiet.
1389 1076 1577 1155 Abscondit
1595 1077 1643 1165 se,
1664 1101 1706 1149 ne
1729 1101 1789 1149 au·

506 1108 575 1252 diat
598 1166 698 1250 te'rba
717 1173 915 1246 incantantis
939 1171 1111 1266 sapienter.
1163 1171 1209 1242 lit
1230 1172 1521 1266 quemadmodum
1538 1172 1620 1243 olim
1637 1170 1788 1245 confusae

508 1273 585 1344 sunt
599 1271 726 1370 linguae
742 1268 983 1339 aedificantium
1007 1267 1129 1337 turn'm
1148 1265 1274 1352 Babel,
1296 1285 1335 1337 ut
1355 1264 1557 1338 aedificantes
1573 1273 1593 1335 a
1612 1264 1715 1335 stulto
1736 1267 1789 1336 su«

508 1366 684 1462 perboque
707 1382 825 1457 coepto
841 1360 1052 1447 defitterent,
1080 1360 1124 1431 stc
1146 1360 1183 1430 &
1206 1360 1353 1432 daentoni
1384 1361 1524 1431 unitum
1556 1357 1705 1430 [ludium
1725 1359 1791 1447 est,

508 1459 715 1532 confundere
734 1456 882 1553 linguas,
905 1456 948 1526 ita
964 1475 1002 1526 ut
1019 1453 1142 1525 doctor
1159 1451 1327 1548 discipulo
1343 1450 1505 1525 barbarus
1520 1451 1584 1540 stt,
1607 1452 1790 1551 minusque¹

508 1546 721 1626 :edificentur
747 1551 839 1620 muri
861 1548 1009 1620 coelestis
1045 1544 1268 1620 Hierusalem.
1316 1547 1414 1620 Hinc
1442 1547 1603 1646 stupenda
1624 1546 1679 1617 illa
1702 1570 1791 1642 quoq

510 1650 655 1719 tundam
669 1644 850 1718 stiolotum
862 1643 1074 1715 temeritas&
1086 1640 1281 1730 ostentatio,
1301 1643 1362 1736 qui
1376 1665 1455 1714 eum
1470 1648 1529 1715 vix
1548 1641 1609 1714 tria
1627 1640 1681 1712 vel
1705 1665 1791 1736 qua·

510 1758 589 1812 tuor
599 1738 702 1812 verba
713 1736 814 1811 latine
832 1735 958 1823 sciunt,
981 1756 1065 1808 totas
1080 1735 1258 1808 conciones
1275 1758 1357 1831 quas
1377 1735 1500 1808 habent
1516 1736 1624 1808 latinis
1643 1759 1720 1831 [tere
1746 1739 1790 1808 ti·

402 1884 405 1888 ‡
509 1835 629 1930 niaque
644 1831 838 1904 aliisvetbis
850 1829 894 1902 ita
909 1828 1127 1925 interpolant,
1149 1850 1187 1901 ut
1205 1833 1386 1901 maximam
1404 1850 1469 1901 tem
1520 1830 1563 1902 ris
1575 1851 1700 1926 partem
1713 1759 1798 1903 aits.

509 1951 577 2022 que
598 1925 716 1999 frudlu
735 1924 966 1996 transmittant.
1019 1923 1117 1995 Nihil
1133 1924 1176 1994 ita
1190 1944 1278 1996 amat
1298 1923 1442 1994 verbum
1515 1926 1544 2012 i,
1563 1947 1665 2018 quam
1683 1943 1723 1994 ut
1738 1925 1789 1996 dia

509 2020 622 2096 lucide
640 2019 866 2115 praedicetur,
887 2019 923 2090 ὃ(
950 2017 1060 2106 clare,
1085 2036 1187 2114 atque
1202 2018 1297 2101 tadeo,
1323 2016 1421 2114 supet
1443 2016 1532 2090 tecta
1555 2017 1591 2088 ὅ(
1611 2014 1644 2087 in
1663 2018 1791 2113 plateis.

510 2113 598 2187 Non
617 2111 745 2186 factum
763 2109 880 2204 estsine
894 2117 1010 2202 confilio
1029 2119 1165 2208 Spiritus
1183 2114 1311 2198 Sentii,
1334 2111 1543 2210 euangelicos
1554 2109 1706 2184 historias
1723 2133 1791 2186 tarn
1830 2125 1835 2133 '

508 2207 652 2304 simplici
669 2206 746 2285 stilo
758 2204 948 2303 descriptas.
992 2205 1043 2287 ‚Et
1056 2227 1145 2279 cette
1156 2229 1226 2278 non
1242 2205 1289 2277 cll
1302 2207 1362 2301 qui
1380 2205 1479 2305 legit„
1500 2206 1700 2289 &excusari
1759 2233 1793 2283 s·

509 2299 567 2390 lit,
592 2302 616 2373 fi
636 2326 651 2372 r
671 2302 739 2372 'icit
753 2325 818 2373 tant
835 2299 978 2374 fideliter
998 2299 1131 2385 tradita,
1156 2322 1224 2372 tarn
1236 2300 1354 2388 obvia,
1369 2320 1434 2371 tam
1450 2296 1520 2373 suci
1538 2302 1655 2374 nelcia.
1723 2303 1793 2375 ‘sto

508 2417 640 2479 eutem,
651 2326 719 2464 edne
732 2395 887 2486 quaedam
903 2395 1023 2474 rerba,
1074 2418 1127 2463 uae
1141 2393 1354 2488 euangelistae
1369 2417 1408 2464 ac
1426 2413 1534 2488 patres
1550 2419 1618 2466 non
1644 2395 1719 2467 sunt
1739 2398 1790 2468 in·

510 2484 702 2580 temactati,
725 2503 844 2577 utpote
866 2487 959 2571 sunt,
983 2417 1150 2575 Alleiuja,
1177 2484 1325 2571 Adonai,
1349 2484 1428 2573 Eli,
1451 2487 1533 2557 Ofia
1549 2512 1608 2557 ana
1624 2544 1634 2577 ,
1651 2492 1789 2563 Amen:

511 2578 633 2665 nonest
646 2602 768 2661 tamen,
789 2579 872 2669 quod
895 2578 1076 2675 Porphyrius
1098 2577 1132 2647 ὃ(
1150 2586 1311 2649 Larianus
1325 2575 1422 2649 nobis
1442 2577 1687 2675 improperent,
1705 2606 1791 2677 qua·

512 2673 537 2746 fi
561 2670 801 2772 peregrinis&
829 2677 989 2776 incognitis
1021 2668 1148 2741 vocibus
1169 2669 1376 2765 simplicitati.
1387 2671 1498 2766 plebis
1525 2671 1709 2768 impostum
1737 2675 1788 2749 lit.

511 2765 746 2865 Nequeenim
764 2764 908 2862 ignoran
924 2789 977 2838 eas
997 2761 1135 2860 voluere
1150 2785 1284 2860 patres,
1307 2761 1361 2843 scd
1379 2767 1447 2862 jam
1471 2765 1628 2861 frequens
1643 2790 1728 2855 ctat,
1750 2772 1800 2843 lle

512 2872 642 2958 recepta
662 2860 801 2932 imitatio
817 2858 908 2947 haec,
930 2860 966 2932 &
985 2859 1085 2930 ludus
1102 2859 1239 2952 quidam
1258 2855 1405 2944 sandius,
1432 2878 1566 2953 patrum
1585 2861 1795 2934 consuendi*

512 2980 567 3029 tna
589 2954 693 3028 verba
709 2957 918 3050 inpromptu
934 2974 1060 3040 tenete,
1084 2956 1126 3023 ita
1138 2950 1300 3024 convictu
1318 2950 1469 3024 docente.
1519 2954 1628 3053 lgitur
1642 2955 1795 3029 sciodaes.

512 3075 647 3122 monem
668 3048 766 3120 vobis
780 3049 863 3122 hanc
874 3047 1064 3120 felicitatem
1078 3047 1246 3133 invidete,
1260 3070 1322 3118 nec
1332 3045 1551 3131 omiss'utum,
1571 3049 1654 3144 quin
1664 3054 1791 3126 excitet

512 3147 729 3236 quorundam
747 3140 855 3228 sibila,
874 3142 934 3238 qui
952 3142 1080 3214 facturn
1104 3142 1171 3213 hoc
1187 3162 1347 3236 carpant,
1376 3140 1470 3235 quast
1486 3141 1727 3241 irreligiosum,
1754 3147 1791 3221 dc

513 3237 652 3310 fortallis
679 3235 839 3330 impedire
855 3236 1080 3308 conabuntur.
1128 3238 1176 3308 At
1196 3257 1280 3323 vos,
1307 3258 1349 3306 ne
1364 3235 1521 3317 dederitis
1547 3237 1662 3310 locum
1690 3239 1792 3317 hosti.

513 3334 636 3422 Orate,
658 3329 851 3426 utexpellat
865 3330 1024 3403 Christus
1041 3329 1107 3402 hoc
1117 3331 1299 3402 domanam
1314 3332 1451 3422 surdum
1468 3337 1507 3408 d·
1529 3356 1667 3406 mutum.
1717 3337 1791 3410 Res

514 3423 868 3523 vestraagitttratnici.
918 3423 1031 3498 Vestri
1041 3427 1138 3501 caula
1149 3445 1264 3521 coepta
1283 3423 1358 3498 sunt
1370 3425 1453 3498 haee.
1489 3426 1791 3525 ·Egolanepriva·.

513 3543 588 3595 tum
612 3518 835 3593 commodum
852 3519 987 3593 nullum
1006 3519 1085 3592 hinc
1100 3544 1143 3593 ex
1187 3520 1269 3608 clo,
1298 3519 1359 3592 nili
1376 3517 1492 3610 forte,
1519 3544 1558 3594 ut
1581 3521 1601 3592 al
1620 3525 1793 3597 nonnullis
1884 3610 1886 3615 Ι

513 3615 675 3713 perversis
697 3613 782 3686 male
798 3613 949 3704 audiam,
971 3615 1041 3696 imo
1055 3615 1087 3686 in
1105 3637 1151 3685 vo
1178 3615 1204 3685 is
1217 3613 1316 3686 saturn
1329 3613 1404 3704 est,
1419 3635 1457 3688 ut
1475 3616 1625 3689 multum
1643 3617 1721 3689 hinc
1739 3619 1793 3690 lu-

513 3713 562 3784 cri
586 3708 668 3782 mihi
690 3709 863 3782 accrescat.
914 3709 1067 3781 Vestram
1094 3709 1184 3780 enitn
1210 3709 1411 3799 utilitatem,
1438 3711 1474 3784 δε
1496 3711 1625 3790 vestros
1640 3710 1795 3800 fructus,-

514 3826 578 3894 pno
590 3802 671 3875 tricis
683 3802 836 3877 maximis
848 3804 950 3878 lucris
968 3804 1086 3877 habco.
1132 3801 1236 3875 Fides
1253 3802 1378 3891 vestra,
1399 3805 1435 3877 &
1454 3804 1562 3896 lalus,
1586 3804 1794 3901 indepraedo

514 3898 599 3970 biles
621 3895 704 3968 mihi
716 3897 857 3968 thesauri
870 3910 980 3972 erunt.
1030 3899 1076 3976 Et
1094 3921 1154 3994 pet
1172 3897 1286 3971 omnio
1297 3898 1471 3980 commodi
1489 3900 1656 3985 multum,
1679 3900 1716 3971 ἃ
1741 3897 1794 3968 in·

513 3992 688 4066 commodi
705 3991 789 4077 nihil
808 3993 993 4089 proveniet.
1041 3992 1228 4164 Undc.ql(ic,
1242 3992 1413 4086 oblecto,
1438 3992 1545 4070 salus?
1569 4016 1681 4067 nonne
1696 4017 1751 4158 eq1
1752 3990 1796 4140 fii

541 4129 544 4137 ·
621 4125 629 4145 ο
1753 4111 1791 4162 e.

1171 885 1338 961 surditate.
1397 890 1563 988 Regnum
1583 913 1671 962 erum
1690 887 1789 959 suurn
1893 891 1900 899 '
