4884 5042
1182 575 1321 676 (aa)

589 725 678 802 latus
711 725 789 819 est3
835 728 1006 819 Confiteor,
1038 721 1220 822 inquienS,
1247 723 1311 794 tibi
1340 731 1438 798 Paeter
1468 730 1537 802 δίε.
1568 731 1653 824 quod
1677 728 1866 822 absconderit

588 821 650 893 hec
666 821 688 893 ti
702 820 893 915 sapientibus
911 818 1169 915 &prudentibus
1185 821 1225 894 ό*
1244 819 1393 910 revelasti
1411 849 1449 891 ea
1473 829 1643 918 parvulis,
1672 833 1720 895 ira
1744 833 1862 917 Pater,

587 924 738 1012 quoniam
751 921 793 1001 fic
804 920 962 1010 placitum
969 919 1043 1008 suit
1055 937 1127 984 ante
1138 934 1179 983 tr.
1228 911 1276 984 Et
1290 913 1419 986 Paulus
1437 939 1468 988 1.
1481 917 1566 988 Cor.
1583 942 1612 990 t.
1632 920 1731 992 dicit:
1755 926 1862 992 Stulta
1918 956 1920 961 ·

587 1014 682 1103 hujus
695 1011 814 1082 ’munds
833 1010 857 1080 a
876 1017 944 1082 Deo
964 1012 1018 1102 effe
1038 1012 1158 1093 elesia,
1182 1028 1220 1076 ut
1236 1011 1423 1104 sapientiam
1444 1010 1659 1107 pudefaceret:
1681 1035 1715 1107 4.
1764 1013 1864 1108 Qua·

584 1104 805 1200 dragesimam
820 1104 986 1198 nusquam
999 1125 1053 1174 me
1071 1123 1220 1197 unquam
1244 1100 1394 1173 docuisse
1417 1127 1486 1175 non
1502 1103 1670 1176 observari
1688 1129 1860 1201 oportere,

586 1221 782 1292 quanquam
798 1195 933 1293 cupiam
950 1219 1018 1267 non
1041 1216 1109 1267 tam
1131 1193 1307 1287 imperiose
1323 1195 1486 1292 praecipi,
1507 1197 1544 1269 &
1561 1197 1732 1297 integrum
1750 1202 1860 1276 cuivis

546 1312 555 1328 '
583 1290 752 1386 relinqui;
770 1292 905 1388 Jejunet
925 1309 1059 1377 autem,
1078 1287 1135 1360 cui
1158 1311 1225 1360 non
1251 1285 1364 1360 satisfit
1390 1291 1664 1389 quadragesima,
1684 1293 1854 1389 reltquum

585 1384 664 1457 anni
677 1384 796 1474 etiam,
818 1408 886 1455 non
896 1382 1090 1470 defuturos,
1113 1380 1174 1476 qui
1182 1381 1350 1477 jejunium
1371 1382 1545 1472 suadeant,
1565 1408 1653 1481 quos
1669 1398 1735 1482 ego
1746 1410 1855 1483 augu.

586 1501 642 1552 rer
655 1477 733 1574 plus
744 1498 978 1574 promoturos,
1002 1499 1103 1572 quam
1117 1499 1194 1562 eos,
1209 1475 1271 1565 qui
1283 1496 1369 1548 nutu
1384 1477 1516 1575 imperii
1529 1478 1594 1564 sui,
1606 1480 1643 1552 ὃ(
1655 1504 1856 1554 excommu-

583 1573 758 1646 nicationis
774 1571 895 1655 minis,
921 1589 1040 1666 putent
1058 1568 1196 1655 omnia,
1217 1592 1285 1639 non
1304 1569 1414 1662 secus,
1440 1596 1542 1670 quam
1559 1574 1601 1645 ad
1615 1575 1712 1665 Jovis
1730 1595 1855 1647 nutum

521 1721 527 1729 .
583 1668 716 1738 ruinam
738 1666 922 1738 minatuta:
950 1686 982 1755 5.
1031 1665 1159 1734 Carnes
1176 1660 1238 1732 fint
1255 1662 1392 1758 quidam
1412 1669 1508 1738 edere
1523 1664 1592 1736 aufi
1610 1668 1748 1739 minime
1760 1670 1855 1758 mali,

611 1759 646 1832 ui
659 1784 722 1832 nec
739 1759 947 1844 inficientur,
972 1756 1025 1827 sed
1045 1755 1320 1854 quandoquidem
1338 1758 1452 1831 divina
1474 1762 1568 1867 Lege
1584 1755 1852 1843 dcamibusnon

582 1782 622 1924 sit
633 1855 680 1925 eis
690 1851 924 1936 interdisium,
939 1851 970 1921 in
982 1849 1212 1921 testimonium
1226 1848 1303 1920 fidei
1317 1854 1430 1945 potius
1441 1854 1560 1936 edisse,
1588 1876 1690 1959 quam
1704 1855 1737 1925 in
1755 1855 1847 1929 illius

582 1946 851 2032 contumeliam,
870 1944 965 2038 quod
983 1943 1061 2014 hinc
1075 1961 1190 2036 pateat.
1241 1943 1335 2014 Nam
1355 1970 1438 2018 mox
1456 1970 1493 2019 ut
1507 1945 1602 2019 doeh
1620 1948 1716 2019 santa
1736 1948 1852 2040 nobis,
1891 2027 1893 2032 ,

581 2041 744 2113 tationem
757 2037 899 2110 scandali
910 2037 1031 2107 habete
1040 2035 1205 2125 debuisse,
1225 2036 1422 2110 destiterunt
1441 2068 1452 2130 3
1501 2039 1605 2112 Unde
1617 2039 1748 2114 nccista
1761 2043 1850 2139 lega-

579 2133 672 2208 tione
688 2155 777 2228 opus
799 2129 913 2215 suisle,
939 2131 1126 2202 remittente
1142 2131 1199 2201 sua
1222 2131 1337 2224 sponte
1354 2135 1461 2222 malo;
1488 2131 1512 2205 fi
1529 2137 1635 2208 modo
1651 2133 1779 2209 malum
1791 2137 1852 2211 est.

579 2225 665 2300 Hoc
681 2247 792 2299 tamen
811 2224 1024 2297 vehementer
1041 2246 1102 2292 nos
1118 2223 1296 2309 admirati,
1318 2227 1413 2387 quod
1430 2227 1514 2298 dutn
1529 2252 1655 2300 annum
1669 2230 1733 2326 jam
1747 2231 1850 2306 xvi.

579 2320 615 2390 in
631 2320 766 2391 dioecefi
784 2314 1030 2389 Constantiensi
1048 2315 1304 2412 Evangelizem,
1350 2319 1486 2392 asienus
1503 2345 1612 2394 tamen
1629 2348 1696 2393 non
1710 2323 1851 2396 rescive-

578 2408 923 2507 nm,aliqu0mifiu‘e
934 2407 1203 2481 Constanticnses
1221 2431 1285 2481 tarn
1307 2410 1510 2502 splendidam
1530 2412 1746 2509 legationem,
1767 2439 1848 2509 quae

577 2504 952 2596 scrutaretur,quonam
961 2497 1062 2595 padio
1072 2499 1316 2594 Evangelicum
1330 2503 1502 2598 negotium
1512 2504 1703 2577 incederet:
1723 2508 1847 2598 Nunc,

575 2625 658 2674 cum
682 2598 855 2669 minimam
876 2590 1199 2668 observatiunculant
1223 2591 1415 2682 senserint,-
1431 2618 1498 2666 non
1521 2617 1586 2668 tam
1615 2598 1721 2670 laesatn
1741 2624 1843 2696 quam
1889 2679 1891 2682 Α

576 2695 772 2768 viderentur
784 2688 995 2773 velleetiam,
1020 2685 1240 2780 querimoniis
1255 2684 1387 2790 impleri
1404 2692 1540 2778 omnia,
1564 2692 1732 2786 quiritari,
1758 2720 1844 2773 unos

489 2792 498 2799 '
577 2788 642 2862 csse
658 2784 864 2885 Tigurinos,
891 2780 951 2878 qui
968 2777 1175 2852 secessionem
1193 2804 1212 2850 a
1229 2780 1501 2855 Christianorum
1521 2789 1760 2859 communione
1772 2789 1842 2861 me·

576 2883 675 2956 ditari
690 2879 844 2954 audeant.
895 2878 932 2948 ld
952 2894 1060 2947 tamen
1079 2872 1192 2959 verbi,
1205 2893 1244 2946 ut
1259 2873 1429 2964 diximus,
1454 2877 1671 2977 Suslraganeo
1682 2875 1841 2976 negante,

574 2993 615 3051 ac·
634 2974 793 3048 Btenlino
812 2970 999 3064 attestante,
1021 2969 1143 3041 Senatu
1163 2966 1246 3039 vero
1263 2988 1336 3040 toto
1357 2970 1574 3061 reclamante,
1599 2972 1766 3070 negationi
1783 2999 1840 3046 eo·

573 3094 651 3143 rum
669 3067 871 3141 donavimus
894 3064 945 3136 his
965 3062 1034 3134 sere
1049 3063 1177 3154 verbis,
1230 3062 1517 3161 Quandoquidem
1541 3090 1665 3164 negas,
1694 3066 1839 3141 ostendis

574 3165 638 3237 tibi
655 3162 689 3234 id
708 3160 866 3235 excidisse
882 3158 1110 3254 imprudenti,
1131 3156 1228 3229 facile
1246 3158 1356 3254 itaque
1374 3156 1605 3256 ignoscemus,
1630 3184 1689 3256 per
1705 3186 1759 3233 me
1777 3162 1840 3237 tibi

571 3256 676 3331 suerit
691 3256 877 3352 integrum,
901 3252 1033 3347 quaevis
1047 3251 1232 3323 emendare.
1282 3252 1548 3347 Rempublicam
1566 3274 1676 3324 autem
1689 3255 1840 3339 christia·

571 3376 649 3425 nam
666 3347 748 3420 nihil
768 3345 924 3431 scandali,
946 3346 1029 3416 nihil
1047 3345 1243 3441 ignominiae
1260 3346 1380 3439 pallam
1397 3345 1478 3428 esse.
1498 3347 1521 3418 si
1539 3347 1634 3443 pauci
1652 3347 1838 3423 admodum

570 3445 634 3519 sint
651 3443 831 3516 humanam
850 3439 1058 3513 traditionem
1077 3439 1294 3534 praevaricati.
1320 3443 1354 3513 6.
1405 3444 1535 3512 literas
1549 3436 1838 3542 autem'Evange·

553 3541 652 3613 sslicas
673 3536 838 3632 nusquam
861 3554 972 3627 aperte
997 3533 1203 3627 permittere,
1229 3534 1378 3606 carnium
1396 3535 1515 3622 esum,
1546 3534 1626 3606 salso
1641 3537 1836 3632 oppositum

569 3633 789 3706 ostendimus.
837 3632 932 3703 Nam
947 3629 1086 3700 Marcus
1097 3629 1176 3699 Vll.
1189 3651 1261 3720 cap.
1274 3629 1353 3700 dicit
1366 3627 1398 3698 in
1411 3631 1502 3701 hunc
1515 3631 1655 3702 modum
1669 3685 1681 3720 ,
1702 3634 1780 3702 nibil
1793 3633 1836 3722 est

504 3791 506 3797 .
568 3751 663 3798 extra
691 3727 844 3795 hominem
865 3731 1009 3794 introiens
1034 3731 1067 3792 in
1093 3747 1188 3808 eum,
1221 3725 1306 3818 quod
1317 3724 1400 3818 poffit
1426 3752 1497 3793 curn
1526 3732 1747 3818 coinquinare,
1781 3726 1836 3797 lnc

569 3817 700 3893 ostendi
717 3841 776 3913 per
791 3818 983 3912 oppositum
1003 3817 1224 3889 antecedentis
1243 3823 1296 3902 (ut
1310 3818 1369 3912 ipsi
1384 3815 1486 3890 struas
1499 3817 1605 3904 literas
1618 3817 1772 3905 uastant)
1789 3822 1837 3890 se·

569 3915 630 4009 qui
643 3909 836 4009 oppofitutn
850 3910 1101 4008 consequentis,
1121 3913 1186 3983 hoc
1202 3910 1318 4006 passo,
1340 3934 1423 4009 ergo
1435 3913 1599 4008 quicquid
1611 3912 1659 3984 est
1669 3932 1763 3982 extra
1775 3912 1838 3983 ho·
1949 3973 1952 3978 .

568 4008 713 4100 minem,
726 4029 796 4078 non
810 4006 919 4103 potest
932 4006 1251 4173 eumcoinquinalqe.
1300 4007 1402 4106 Signa
1413 4007 1496 4078 mihi
1509 4008 1625 4095 verba,
1645 4008 1753 4095 nihil,
1774 4005 1838 4104 sig·

1242 4124 1261 4175 e
1701 4149 1706 4156 -
1755 4124 1839 4173 num
