<?xml version="1.0" encoding="UTF-8"?>
<!DOCTYPE html PUBLIC "-//W3C//DTD XHTML 1.0 Transitional//EN"
    "http://www.w3.org/TR/xhtml1/DTD/xhtml1-transitional.dtd">
<html xmlns="http://www.w3.org/1999/xhtml" xml:lang="en" lang="en">
 <head>
  <title>
</title>
<meta http-equiv="Content-Type" content="text/html;charset=utf-8" />
  <meta name='ocr-system' content='tesseract 3.04.00' />
  <meta name='ocr-capabilities' content='ocr_page ocr_carea ocr_par ocr_line ocrx_word'/>
</head>
<body>
  <div class='ocr_page' id='page_1' title='image "./introductioinhi00gerdgoog/introductioinhi00gerdgoog_0315.png"; bbox 0 0 4884 5042; ppageno 0'>
   <div class='ocr_carea' id='block_1_1' title="bbox 556 492 1861 663">
    <p class='ocr_par' dir='ltr' id='par_1_1' title="bbox 556 492 1861 663">
     <span class='ocr_line' id='line_1_1' title="bbox 556 492 1861 663; baseline -0.005 -26"><span class='ocrx_word' id='word_1_1' title='bbox 556 559 726 663; x_wconf 79' lang='lat' dir='ltr'>A.1522.&#39;</span> <span class='ocrx_word' id='word_1_2' title='bbox 887 556 928 634; x_wconf 89' lang='lat' dir='ltr'>R</span> <span class='ocrx_word' id='word_1_3' title='bbox 976 554 1011 630; x_wconf 81' lang='grc' dir='ltr'>Ε</span> <span class='ocrx_word' id='word_1_4' title='bbox 1060 551 1105 628; x_wconf 92' lang='lat' dir='ltr'>N</span> <span class='ocrx_word' id='word_1_5' title='bbox 1155 551 1194 628; x_wconf 95' lang='grc' dir='ltr'>Ο</span> <span class='ocrx_word' id='word_1_6' title='bbox 1243 546 1283 626; x_wconf 87' lang='lat' dir='ltr'>V</span> <span class='ocrx_word' id='word_1_7' title='bbox 1333 550 1367 627; x_wconf 90' lang='lat' dir='ltr'>A</span> <span class='ocrx_word' id='word_1_8' title='bbox 1418 551 1457 627; x_wconf 94' lang='lat' dir='ltr'>T</span> <span class='ocrx_word' id='word_1_9' title='bbox 1507 552 1539 627; x_wconf 91' lang='lat'>1.</span> <span class='ocrx_word' id='word_1_10' title='bbox 1747 492 1861 658; x_wconf 31' lang='lat'>¹273</span> 
     </span>
    </p>
   </div>
   <div class='ocr_carea' id='block_1_2' title="bbox 554 670 1860 1139">
    <p class='ocr_par' dir='ltr' id='par_1_2' title="bbox 554 670 1860 1139">
     <span class='ocr_line' id='line_1_2' title="bbox 554 670 1860 778; baseline -0.005 -22"><span class='ocrx_word' id='word_1_11' title='bbox 554 731 583 774; x_wconf 84' lang='lat'>‚,</span> <span class='ocrx_word' id='word_1_12' title='bbox 607 679 767 756; x_wconf 80' lang='lat' dir='ltr'>ecetefiae</span> <span class='ocrx_word' id='word_1_13' title='bbox 784 679 940 778; x_wconf 90' lang='lat' dir='ltr'>negocio</span> <span class='ocrx_word' id='word_1_14' title='bbox 961 676 1197 767; x_wconf 87' lang='lat' dir='ltr'>conveniant,</span> <span class='ocrx_word' id='word_1_15' title='bbox 1214 672 1252 746; x_wconf 88' lang='lat'>&amp;</span> <span class='ocrx_word' id='word_1_16' title='bbox 1269 670 1410 746; x_wconf 88' lang='lat' dir='ltr'>collatis</span> <span class='ocrx_word' id='word_1_17' title='bbox 1428 672 1584 748; x_wconf 84' lang='lat' dir='ltr'>consiliis</span> <span class='ocrx_word' id='word_1_18' title='bbox 1601 697 1684 749; x_wconf 88' lang='lat' dir='ltr'>cum</span> <span class='ocrx_word' id='word_1_19' title='bbox 1702 673 1860 776; x_wconf 90' lang='lat' dir='ltr'>discipli·</span> 
     </span>
     <span class='ocr_line' id='line_1_3' title="bbox 554 769 1860 879; baseline -0.002 -27"><span class='ocrx_word' id='word_1_20' title='bbox 554 830 582 872; x_wconf 90' lang='lat'><strong>„</strong></span> <span class='ocrx_word' id='word_1_21' title='bbox 608 803 652 851; x_wconf 91' lang='lat' dir='ltr'>na</span> <span class='ocrx_word' id='word_1_22' title='bbox 667 780 800 879; x_wconf 88' lang='lat' dir='ltr'>paritet</span> <span class='ocrx_word' id='word_1_23' title='bbox 817 779 855 851; x_wconf 88' lang='lat'>&amp;</span> <span class='ocrx_word' id='word_1_24' title='bbox 874 773 1115 848; x_wconf 84' lang='lat' dir='ltr'>misericordia</span> <span class='ocrx_word' id='word_1_25' title='bbox 1133 787 1365 866; x_wconf 84' lang='lat' dir='ltr'>temperatam</span> <span class='ocrx_word' id='word_1_26' title='bbox 1385 769 1499 867; x_wconf 89' lang='lat' dir='ltr'>figant</span> <span class='ocrx_word' id='word_1_27' title='bbox 1519 771 1727 847; x_wconf 87' lang='lat' dir='ltr'>sententiam</span> <span class='ocrx_word' id='word_1_28' title='bbox 1739 775 1813 849; x_wconf 83' lang='lat' dir='ltr'>&amp;c</span> <span class='ocrx_word' id='word_1_29' title='bbox 1830 826 1860 869; x_wconf 91' lang='lat'><strong>„</strong></span> 
     </span>
     <span class='ocr_line' id='line_1_4' title="bbox 555 866 1858 971; baseline -0.002 -23"><span class='ocrx_word' id='word_1_30' title='bbox 555 876 615 949; x_wconf 89' lang='lat' dir='ltr'>Ad</span> <span class='ocrx_word' id='word_1_31' title='bbox 634 878 724 949; x_wconf 87' lang='lat' dir='ltr'>hanc</span> <span class='ocrx_word' id='word_1_32' title='bbox 743 877 865 968; x_wconf 89' lang='lat' dir='ltr'>itaque</span> <span class='ocrx_word' id='word_1_33' title='bbox 880 871 1101 961; x_wconf 88' lang='lat' dir='ltr'>Paraenesm,</span> <span class='ocrx_word' id='word_1_34' title='bbox 1129 868 1249 966; x_wconf 86' lang='lat' dir='ltr'>paucis</span> <span class='ocrx_word' id='word_1_35' title='bbox 1258 866 1338 964; x_wconf 91' lang='lat' dir='ltr'>post</span> <span class='ocrx_word' id='word_1_36' title='bbox 1349 868 1545 960; x_wconf 78' lang='lat' dir='ltr'>mensibus,</span> <span class='ocrx_word' id='word_1_37' title='bbox 1563 872 1620 945; x_wconf 86' lang='lat' dir='ltr'>die</span> <span class='ocrx_word' id='word_1_38' title='bbox 1629 869 1703 945; x_wconf 86' lang='lat' dir='ltr'>scil.</span> <span class='ocrx_word' id='word_1_39' title='bbox 1724 894 1765 971; x_wconf 77' lang='lat'>23</span> <span class='ocrx_word' id='word_1_40' title='bbox 1779 874 1858 946; x_wconf 83' lang='lat' dir='ltr'>Au·</span> 
     </span>
     <span class='ocr_line' id='line_1_5' title="bbox 555 963 1859 1139; baseline -0.002 -94"><span class='ocrx_word' id='word_1_41' title='bbox 555 973 651 1071; x_wconf 89' lang='lat' dir='ltr'>gusti</span> <span class='ocrx_word' id='word_1_42' title='bbox 679 972 914 1073; x_wconf 76' lang='lat' dir='ltr'>gravissimam</span> <span class='ocrx_word' id='word_1_43' title='bbox 938 969 1143 1139; x_wconf 54' lang='lat' dir='ltr'>Zwitpglius</span> <span class='ocrx_word' id='word_1_44' title='bbox 1159 965 1345 1038; x_wconf 90' lang='lat' dir='ltr'>adornavit</span> <span class='ocrx_word' id='word_1_45' title='bbox 1363 963 1667 1063; x_wconf 87' lang='lat' dir='ltr'>Responfionem,</span> <span class='ocrx_word' id='word_1_46' title='bbox 1697 995 1777 1068; x_wconf 85' lang='lat' dir='ltr'>quae</span> <span class='ocrx_word' id='word_1_47' title='bbox 1796 969 1859 1043; x_wconf 92' lang='lat' dir='ltr'>sub</span> 
     </span>
    </p>
   </div>
   <div class='ocr_carea' id='block_1_3' title="bbox 405 1071 1961 2922">
    <p class='ocr_par' dir='ltr' id='par_1_3' title="bbox 405 1071 1862 1361">
     <span class='ocr_line' id='line_1_6' title="bbox 555 1071 1010 1168; baseline -0.004 -27"><span class='ocrx_word' id='word_1_48' title='bbox 555 1094 701 1145; x_wconf 88' lang='lat' dir='ltr'>nomme</span> <span class='ocrx_word' id='word_1_49' title='bbox 727 1071 914 1143; x_wconf 81' lang='lat' dir='ltr'>Archeteles</span> <span class='ocrx_word' id='word_1_50' title='bbox 934 1072 1010 1168; x_wconf 87' lang='lat' dir='ltr'>ejus</span> 
     </span>
     <span class='ocr_line' id='line_1_7' title="bbox 554 1158 1859 1264; baseline 0 -26"><span class='ocrx_word' id='word_1_51' title='bbox 554 1191 597 1238; x_wconf 89' lang='lat' dir='ltr'>ac</span> <span class='ocrx_word' id='word_1_52' title='bbox 614 1170 830 1264; x_wconf 85' lang='lat' dir='ltr'>genuinam,</span> <span class='ocrx_word' id='word_1_53' title='bbox 846 1168 1088 1264; x_wconf 83' lang='lat' dir='ltr'>Zwinglianae</span> <span class='ocrx_word' id='word_1_54' title='bbox 1105 1160 1390 1234; x_wconf 85' lang='lat' dir='ltr'>Reformationis</span> <span class='ocrx_word' id='word_1_55' title='bbox 1401 1158 1503 1231; x_wconf 92' lang='lat' dir='ltr'>nobis</span> <span class='ocrx_word' id='word_1_56' title='bbox 1514 1162 1762 1259; x_wconf 81' lang='lat' dir='ltr'>repraesentat,</span> <span class='ocrx_word' id='word_1_57' title='bbox 1779 1167 1859 1238; x_wconf 87' lang='lat' dir='ltr'>ion·</span> 
     </span>
     <span class='ocr_line' id='line_1_8' title="bbox 405 1257 1862 1361; baseline 0.001 -28"><span class='ocrx_word' id='word_1_58' title='bbox 405 1265 416 1280; x_wconf 84' lang='lat'><em>&#39;</em></span> <span class='ocrx_word' id='word_1_59' title='bbox 584 1286 673 1360; x_wconf 89' lang='lat' dir='ltr'>eque</span> <span class='ocrx_word' id='word_1_60' title='bbox 691 1264 819 1356; x_wconf 91' lang='lat' dir='ltr'>aliam,</span> <span class='ocrx_word' id='word_1_61' title='bbox 844 1288 948 1361; x_wconf 88' lang='lat' dir='ltr'>quam</span> <span class='ocrx_word' id='word_1_62' title='bbox 966 1262 1110 1360; x_wconf 87' lang='lat' dir='ltr'>quidem</span> <span class='ocrx_word' id='word_1_63' title='bbox 1125 1260 1176 1332; x_wconf 92' lang='lat' dir='ltr'>V.</span> <span class='ocrx_word' id='word_1_64' title='bbox 1195 1259 1239 1329; x_wconf 89' lang='lat' dir='ltr'>E.</span> <span class='ocrx_word' id='word_1_65' title='bbox 1261 1257 1625 1331; x_wconf 85' lang='lat' dir='ltr'>LOESCHERUS</span> <span class='ocrx_word' id='word_1_66' title='bbox 1642 1269 1653 1343; x_wconf 72' lang='grc' dir='ltr'><em>ζ</em></span> <span class='ocrx_word' id='word_1_67' title='bbox 1658 1263 1691 1344; x_wconf 92' lang='lat' dir='ltr'>b)</span> <span class='ocrx_word' id='word_1_68' title='bbox 1711 1264 1812 1334; x_wconf 92' lang='lat' dir='ltr'>nobis</span> <span class='ocrx_word' id='word_1_69' title='bbox 1823 1265 1862 1334; x_wconf 91' lang='lat' dir='ltr'>in</span> 
     </span>
    </p>

    <p class='ocr_par' dir='ltr' id='par_1_4' title="bbox 460 1285 1961 2922">
     <span class='ocr_line' id='line_1_9' title="bbox 553 1285 1859 1527; baseline 0 -95"><span class='ocrx_word' id='word_1_70' title='bbox 553 1285 1859 1527; x_wconf 60' lang='lat' dir='ltr'>simigeratiffimaHistoriautiappellatMotuum,effingit,ima(ginem,</span> 
     </span>
     <span class='ocr_line' id='line_1_10' title="bbox 555 1453 1886 1557; baseline -0.002 -27"><span class='ocrx_word' id='word_1_71' title='bbox 555 1457 909 1557; x_wconf 88' lang='lat' dir='ltr'>dignaqueest,quae</span> <span class='ocrx_word' id='word_1_72' title='bbox 920 1457 1108 1555; x_wconf 88' lang='lat' dir='ltr'>legaturab</span> <span class='ocrx_word' id='word_1_73' title='bbox 1119 1454 1299 1527; x_wconf 90' lang='lat' dir='ltr'>omnibus.</span> <span class='ocrx_word' id='word_1_74' title='bbox 1327 1453 1701 1543; x_wconf 85' lang='lat' dir='ltr'>Inhac,interaiiade</span> <span class='ocrx_word' id='word_1_75' title='bbox 1748 1456 1886 1528; x_wconf 83' lang='lat' dir='ltr'>onsti··</span> 
     </span>
     <span class='ocr_line' id='line_1_11' title="bbox 554 1549 1860 1650; baseline -0.003 -23"><span class='ocrx_word' id='word_1_76' title='bbox 554 1556 758 1629; x_wconf 87' lang='lat' dir='ltr'>tutionibus</span> <span class='ocrx_word' id='word_1_77' title='bbox 777 1556 939 1629; x_wconf 87' lang='lat' dir='ltr'>humanis</span> <span class='ocrx_word' id='word_1_78' title='bbox 951 1558 1017 1626; x_wconf 89' lang='lat' dir='ltr'>ita:</span> <span class='ocrx_word' id='word_1_79' title='bbox 1038 1549 1426 1650; x_wconf 80' lang='lat' dir='ltr'>Negariatarbitrornon</span> <span class='ocrx_word' id='word_1_80' title='bbox 1430 1549 1544 1645; x_wconf 79' lang='lat' dir='ltr'>potest,</span> <span class='ocrx_word' id='word_1_81' title='bbox 1561 1551 1779 1624; x_wconf 83' lang='lat' dir='ltr'>humanarum</span> <span class='ocrx_word' id='word_1_82' title='bbox 1788 1580 1860 1624; x_wconf 82' lang='lat' dir='ltr'>can·</span> 
     </span>
     <span class='ocr_line' id='line_1_12' title="bbox 548 1649 1918 1748; baseline 0.001 -26"><span class='ocrx_word' id='word_1_83' title='bbox 548 1649 757 1740; x_wconf 79' lang='lat' dir='ltr'>stitutionum</span> <span class='ocrx_word' id='word_1_84' title='bbox 778 1674 904 1723; x_wconf 83' lang='lat' dir='ltr'>tantam</span> <span class='ocrx_word' id='word_1_85' title='bbox 914 1651 1199 1747; x_wconf 63' lang='lat' dir='ltr'>ffsarraginem,</span> <span class='ocrx_word' id='word_1_86' title='bbox 1216 1673 1252 1721; x_wconf 85' lang='lat' dir='ltr'>ur</span> <span class='ocrx_word' id='word_1_87' title='bbox 1253 1649 1497 1744; x_wconf 85' lang='lat' dir='ltr'>sexcenriboves</span> <span class='ocrx_word' id='word_1_88' title='bbox 1507 1656 1615 1748; x_wconf 73' lang='lat' dir='ltr'>Cyprii</span> <span class='ocrx_word' id='word_1_89' title='bbox 1622 1651 1667 1721; x_wconf 86' lang='lat' dir='ltr'>ad</span> <span class='ocrx_word' id='word_1_90' title='bbox 1675 1650 1861 1724; x_wconf 67' lang='lat' dir='ltr'>caedendas</span> <span class='ocrx_word' id='word_1_91' title='bbox 1915 1670 1918 1675; x_wconf 81' lang='grc'><em>“</em></span> 
     </span>
     <span class='ocr_line' id='line_1_13' title="bbox 554 1745 1861 1846; baseline -0.004 -24"><span class='ocrx_word' id='word_1_92' title='bbox 554 1775 610 1822; x_wconf 82' lang='lat' dir='ltr'>eas</span> <span class='ocrx_word' id='word_1_93' title='bbox 624 1774 681 1818; x_wconf 85' lang='lat' dir='ltr'>non</span> <span class='ocrx_word' id='word_1_94' title='bbox 692 1751 894 1844; x_wconf 80' lang='lat' dir='ltr'>sufficerent,</span> <span class='ocrx_word' id='word_1_95' title='bbox 920 1776 976 1819; x_wconf 87' lang='lat' dir='ltr'>nec</span> <span class='ocrx_word' id='word_1_96' title='bbox 990 1750 1027 1819; x_wconf 77' lang='lat' dir='ltr'>id</span> <span class='ocrx_word' id='word_1_97' title='bbox 1045 1758 1189 1838; x_wconf 81' lang='lat' dir='ltr'>injuria,</span> <span class='ocrx_word' id='word_1_98' title='bbox 1221 1774 1295 1817; x_wconf 81' lang='lat' dir='ltr'>cum</span> <span class='ocrx_word' id='word_1_99' title='bbox 1310 1751 1443 1842; x_wconf 80' lang='lat' dir='ltr'>quisque</span> <span class='ocrx_word' id='word_1_100' title='bbox 1457 1745 1515 1832; x_wconf 72' lang='lat' dir='ltr'>fibi</span> <span class='ocrx_word' id='word_1_101' title='bbox 1526 1750 1711 1845; x_wconf 70' lang='lat' dir='ltr'>permissum</span> <span class='ocrx_word' id='word_1_102' title='bbox 1730 1752 1785 1844; x_wconf 83' lang='lat' dir='ltr'>effe</span> <span class='ocrx_word' id='word_1_103' title='bbox 1796 1773 1861 1846; x_wconf 79' lang='lat' dir='ltr'>pu·</span> 
     </span>
     <span class='ocr_line' id='line_1_14' title="bbox 486 1845 1860 1944; baseline -0.002 -25"><span class='ocrx_word' id='word_1_104' title='bbox 486 1864 493 1874; x_wconf 84' lang='lat'>‘</span> <span class='ocrx_word' id='word_1_105' title='bbox 552 1867 601 1919; x_wconf 77' lang='lat' dir='ltr'>m</span> <span class='ocrx_word' id='word_1_106' title='bbox 616 1871 716 1919; x_wconf 84' lang='lat' dir='ltr'>novas</span> <span class='ocrx_word' id='word_1_107' title='bbox 726 1848 872 1944; x_wconf 79' lang='lat' dir='ltr'>fingendi</span> <span class='ocrx_word' id='word_1_108' title='bbox 882 1873 939 1944; x_wconf 83' lang='lat' dir='ltr'>pro</span> <span class='ocrx_word' id='word_1_109' title='bbox 956 1845 1112 1937; x_wconf 80' lang='lat' dir='ltr'>libidine,</span> <span class='ocrx_word' id='word_1_110' title='bbox 1145 1848 1226 1916; x_wconf 85' lang='lat' dir='ltr'>dum</span> <span class='ocrx_word' id='word_1_111' title='bbox 1239 1871 1329 1915; x_wconf 82' lang='lat' dir='ltr'>nemo</span> <span class='ocrx_word' id='word_1_112' title='bbox 1344 1845 1463 1935; x_wconf 74' lang='lat' dir='ltr'>obstat,</span> <span class='ocrx_word' id='word_1_113' title='bbox 1488 1872 1577 1919; x_wconf 81' lang='lat' dir='ltr'>nemo</span> <span class='ocrx_word' id='word_1_114' title='bbox 1593 1852 1710 1940; x_wconf 78' lang='lat' dir='ltr'>refilit,</span> <span class='ocrx_word' id='word_1_115' title='bbox 1735 1871 1773 1917; x_wconf 84' lang='lat' dir='ltr'>ur</span> <span class='ocrx_word' id='word_1_116' title='bbox 1784 1859 1860 1937; x_wconf 80' lang='lat' dir='ltr'>jam</span> 
     </span>
     <span class='ocr_line' id='line_1_15' title="bbox 551 1944 1860 2043; baseline 0.002 -29"><span class='ocrx_word' id='word_1_117' title='bbox 551 1964 686 2015; x_wconf 82' lang='lat' dir='ltr'>tantum</span> <span class='ocrx_word' id='word_1_118' title='bbox 708 1969 766 2014; x_wconf 86' lang='lat' dir='ltr'>non</span> <span class='ocrx_word' id='word_1_119' title='bbox 783 1947 840 2016; x_wconf 83' lang='lat' dir='ltr'>hac</span> <span class='ocrx_word' id='word_1_120' title='bbox 856 1955 1058 2042; x_wconf 78' lang='lat' dir='ltr'>tyrannicum</span> <span class='ocrx_word' id='word_1_121' title='bbox 1074 1944 1162 2040; x_wconf 80' lang='lat' dir='ltr'>apud</span> <span class='ocrx_word' id='word_1_122' title='bbox 1177 1972 1225 2015; x_wconf 83' lang='lat' dir='ltr'>aas</span> <span class='ocrx_word' id='word_1_123' title='bbox 1240 1947 1467 2040; x_wconf 77' lang='lat' dir='ltr'>receptumfit,</span> <span class='ocrx_word' id='word_1_124' title='bbox 1500 1946 1609 2018; x_wconf 90' lang='lat' dir='ltr'>Licet</span> <span class='ocrx_word' id='word_1_125' title='bbox 1624 1948 1798 2043; x_wconf 88' lang='lat' dir='ltr'>quicquid</span> <span class='ocrx_word' id='word_1_126' title='bbox 1817 1945 1860 2017; x_wconf 90' lang='lat' dir='ltr'>li·</span> 
     </span>
     <span class='ocr_line' id='line_1_16' title="bbox 549 2040 1862 2137; baseline -0.002 -21"><span class='ocrx_word' id='word_1_127' title='bbox 549 2040 639 2130; x_wconf 85' lang='lat' dir='ltr'>bet,</span> <span class='ocrx_word' id='word_1_128' title='bbox 666 2067 741 2114; x_wconf 83' lang='lat' dir='ltr'>cum</span> <span class='ocrx_word' id='word_1_129' title='bbox 757 2063 865 2114; x_wconf 83' lang='lat' dir='ltr'>tamen</span> <span class='ocrx_word' id='word_1_130' title='bbox 882 2041 899 2112; x_wconf 72' lang='grc' dir='ltr'><strong>ὲ</strong></span> <span class='ocrx_word' id='word_1_131' title='bbox 915 2043 1041 2137; x_wconf 77' lang='lat' dir='ltr'>diverfia</span> <span class='ocrx_word' id='word_1_132' title='bbox 1059 2042 1205 2130; x_wconf 75' lang='lat' dir='ltr'>Christus</span> <span class='ocrx_word' id='word_1_133' title='bbox 1220 2064 1361 2125; x_wconf 81' lang='lat' dir='ltr'>caveat,</span> <span class='ocrx_word' id='word_1_134' title='bbox 1384 2044 1508 2113; x_wconf 81' lang='lat' dir='ltr'>dicens:</span> <span class='ocrx_word' id='word_1_135' title='bbox 1533 2041 1671 2132; x_wconf 77' lang='lat' dir='ltr'>Frustra</span> <span class='ocrx_word' id='word_1_136' title='bbox 1688 2048 1794 2115; x_wconf 83' lang='lat' dir='ltr'>colunt</span> <span class='ocrx_word' id='word_1_137' title='bbox 1810 2071 1862 2116; x_wconf 85' lang='lat' dir='ltr'>me</span> 
     </span>
     <span class='ocr_line' id='line_1_17' title="bbox 549 2138 1873 2238; baseline -0.002 -23"><span class='ocrx_word' id='word_1_138' title='bbox 549 2143 693 2216; x_wconf 80' lang='lat' dir='ltr'>donantes</span> <span class='ocrx_word' id='word_1_139' title='bbox 710 2141 868 2214; x_wconf 75' lang='lat' dir='ltr'>dosirinas</span> <span class='ocrx_word' id='word_1_140' title='bbox 886 2144 927 2217; x_wconf 66' lang='lat' dir='ltr'>ti*</span> <span class='ocrx_word' id='word_1_141' title='bbox 938 2162 1090 2238; x_wconf 70' lang='lat' dir='ltr'>precepta</span> <span class='ocrx_word' id='word_1_142' title='bbox 1107 2138 1296 2221; x_wconf 67' lang='lat' dir='ltr'>hominum</span> <span class='ocrx_word' id='word_1_143' title='bbox 1321 2148 1356 2212; x_wconf 87' lang='lat' dir='ltr'>Si</span> <span class='ocrx_word' id='word_1_144' title='bbox 1373 2144 1478 2237; x_wconf 76' lang='lat' dir='ltr'>a&#39;gitar</span> <span class='ocrx_word' id='word_1_145' title='bbox 1494 2141 1582 2238; x_wconf 84' lang='lat' dir='ltr'>apud</span> <span class='ocrx_word' id='word_1_146' title='bbox 1598 2143 1713 2214; x_wconf 84' lang='lat' dir='ltr'>Deum</span> <span class='ocrx_word' id='word_1_147' title='bbox 1730 2143 1792 2214; x_wconf 85' lang='lat' dir='ltr'>hac</span> <span class='ocrx_word' id='word_1_148' title='bbox 1808 2169 1873 2227; x_wconf 77' lang='lat' dir='ltr'>aaa·¹</span> 
     </span>
     <span class='ocr_line' id='line_1_18' title="bbox 549 2239 1861 2336; baseline 0 -24"><span class='ocrx_word' id='word_1_149' title='bbox 549 2239 600 2313; x_wconf 81' lang='lat' dir='ltr'>bis</span> <span class='ocrx_word' id='word_1_150' title='bbox 621 2241 705 2313; x_wconf 81' lang='lat' dir='ltr'>nihil</span> <span class='ocrx_word' id='word_1_151' title='bbox 720 2243 876 2336; x_wconf 77' lang='lat' dir='ltr'>prosunt,</span> <span class='ocrx_word' id='word_1_152' title='bbox 904 2243 963 2334; x_wconf 82' lang='lat' dir='ltr'>sed</span> <span class='ocrx_word' id='word_1_153' title='bbox 982 2261 1133 2336; x_wconf 77' lang='lat' dir='ltr'>premant</span> <span class='ocrx_word' id='word_1_154' title='bbox 1155 2262 1263 2310; x_wconf 82' lang='lat' dir='ltr'>tamen</span> <span class='ocrx_word' id='word_1_155' title='bbox 1286 2245 1409 2311; x_wconf 76' lang='lat' dir='ltr'>interea</span> <span class='ocrx_word' id='word_1_156' title='bbox 1436 2242 1568 2334; x_wconf 79' lang='lat' dir='ltr'>miseras</span> <span class='ocrx_word' id='word_1_157' title='bbox 1593 2265 1684 2325; x_wconf 80' lang='lat' dir='ltr'>oves,</span> <span class='ocrx_word' id='word_1_158' title='bbox 1717 2243 1796 2313; x_wconf 77' lang='lat' dir='ltr'>adei</span> <span class='ocrx_word' id='word_1_159' title='bbox 1821 2264 1861 2313; x_wconf 79' lang='lat' dir='ltr'>ut</span> 
     </span>
     <span class='ocr_line' id='line_1_19' title="bbox 547 2336 1961 2436; baseline 0.002 -27"><span class='ocrx_word' id='word_1_160' title='bbox 547 2344 644 2409; x_wconf 83' lang='lat' dir='ltr'>Deus</span> <span class='ocrx_word' id='word_1_161' title='bbox 661 2343 792 2409; x_wconf 81' lang='lat' dir='ltr'>illarum</span> <span class='ocrx_word' id='word_1_162' title='bbox 810 2339 979 2428; x_wconf 69' lang='lat' dir='ltr'>misertus,</span> <span class='ocrx_word' id='word_1_163' title='bbox 1008 2360 1064 2436; x_wconf 86' lang='lat' dir='ltr'>per</span> <span class='ocrx_word' id='word_1_164' title='bbox 1075 2336 1260 2435; x_wconf 82' lang='lat' dir='ltr'>propheram</span> <span class='ocrx_word' id='word_1_165' title='bbox 1274 2338 1307 2427; x_wconf 74' lang='grc' dir='ltr'>[ι</span> <span class='ocrx_word' id='word_1_166' title='bbox 1318 2340 1511 2432; x_wconf 82' lang='lat' dir='ltr'>polliceatur</span> <span class='ocrx_word' id='word_1_167' title='bbox 1524 2361 1714 2408; x_wconf 84' lang='lat' dir='ltr'>amoturum</span> <span class='ocrx_word' id='word_1_168' title='bbox 1723 2343 1861 2436; x_wconf 82' lang='lat' dir='ltr'>pastores</span> <span class='ocrx_word' id='word_1_169' title='bbox 1952 2336 1961 2352; x_wconf 63' lang='lat'>⁸</span> 
     </span>
     <span class='ocr_line' id='line_1_20' title="bbox 460 2434 1860 2528; baseline 0.01 -30"><span class='ocrx_word' id='word_1_170' title='bbox 460 2490 477 2506; x_wconf 84' lang='lat'>,</span> <span class='ocrx_word' id='word_1_171' title='bbox 548 2458 598 2503; x_wconf 83' lang='grc' dir='ltr'>ιιι</span> <span class='ocrx_word' id='word_1_172' title='bbox 622 2439 682 2525; x_wconf 85' lang='lat' dir='ltr'>qui</span> <span class='ocrx_word' id='word_1_173' title='bbox 696 2436 762 2523; x_wconf 81' lang='lat' dir='ltr'>sese</span> <span class='ocrx_word' id='word_1_174' title='bbox 783 2434 975 2524; x_wconf 80' lang='lat' dir='ltr'>pascebant,</span> <span class='ocrx_word' id='word_1_175' title='bbox 1008 2440 1050 2508; x_wconf 67' lang='lat' dir='ltr'>&#39;ti‘</span> <span class='ocrx_word' id='word_1_176' title='bbox 1075 2463 1149 2505; x_wconf 85' lang='lat' dir='ltr'>oves</span> <span class='ocrx_word' id='word_1_177' title='bbox 1164 2434 1325 2528; x_wconf 79' lang='lat' dir='ltr'>dtffipatas</span> <span class='ocrx_word' id='word_1_178' title='bbox 1340 2437 1553 2525; x_wconf 77' lang='lat' dir='ltr'>vifitaturum</span> <span class='ocrx_word' id='word_1_179' title='bbox 1570 2440 1610 2512; x_wconf 64' lang='grc' dir='ltr'>ό*</span> <span class='ocrx_word' id='word_1_180' title='bbox 1628 2438 1860 2512; x_wconf 81' lang='lat' dir='ltr'>liberaturum.</span> 
     </span>
     <span class='ocr_line' id='line_1_21' title="bbox 550 2524 1859 2634; baseline 0.01 -40"><span class='ocrx_word' id='word_1_181' title='bbox 550 2527 730 2624; x_wconf 70' lang='lat' dir='ltr'>,Quidnam</span> <span class='ocrx_word' id='word_1_182' title='bbox 757 2524 830 2612; x_wconf 80' lang='lat' dir='ltr'>ast,</span> <span class='ocrx_word' id='word_1_183' title='bbox 855 2530 890 2612; x_wconf 82' lang='lat' dir='ltr'><em>st</em></span> <span class='ocrx_word' id='word_1_184' title='bbox 911 2532 985 2620; x_wconf 84' lang='lat' dir='ltr'>quis</span> <span class='ocrx_word' id='word_1_185' title='bbox 1008 2551 1167 2620; x_wconf 73' lang='lat' dir='ltr'>queratur</span> <span class='ocrx_word' id='word_1_186' title='bbox 1186 2550 1335 2619; x_wconf 79' lang='lat' dir='ltr'>perpetuo</span> <span class='ocrx_word' id='word_1_187' title='bbox 1363 2531 1589 2617; x_wconf 71' lang='lat' dir='ltr'>Christianum</span> <span class='ocrx_word' id='word_1_188' title='bbox 1611 2539 1762 2631; x_wconf 66' lang='lat' dir='ltr'>populien!</span> <span class='ocrx_word' id='word_1_189' title='bbox 1785 2543 1859 2634; x_wconf 75' lang='lat' dir='ltr'>plna</span> 
     </span>
     <span class='ocr_line' id='line_1_22' title="bbox 549 2618 1860 2732; baseline 0.009 -38"><span class='ocrx_word' id='word_1_190' title='bbox 549 2649 635 2721; x_wconf 77' lang='lat' dir='ltr'>aquo</span> <span class='ocrx_word' id='word_1_191' title='bbox 658 2628 814 2720; x_wconf 79' lang='lat' dir='ltr'>opprimi?</span> <span class='ocrx_word' id='word_1_192' title='bbox 846 2649 921 2693; x_wconf 83' lang='lat' dir='ltr'>cum</span> <span class='ocrx_word' id='word_1_193' title='bbox 946 2618 1030 2691; x_wconf 83' lang='lat' dir='ltr'>nihil</span> <span class='ocrx_word' id='word_1_194' title='bbox 1045 2623 1183 2719; x_wconf 70' lang='lat' dir='ltr'>profesio</span> <span class='ocrx_word' id='word_1_195' title='bbox 1204 2622 1449 2712; x_wconf 80' lang='lat' dir='ltr'>aliudfecerit,</span> <span class='ocrx_word' id='word_1_196' title='bbox 1480 2653 1580 2718; x_wconf 80' lang='lat' dir='ltr'>quam</span> <span class='ocrx_word' id='word_1_197' title='bbox 1596 2634 1681 2723; x_wconf 83' lang='lat' dir='ltr'><em>quod</em></span> <span class='ocrx_word' id='word_1_198' title='bbox 1696 2636 1795 2708; x_wconf 81' lang='lat' dir='ltr'>Deus</span> <span class='ocrx_word' id='word_1_199' title='bbox 1809 2644 1860 2732; x_wconf 89' lang='lat' dir='ltr'>ip·</span> 
     </span>
     <span class='ocr_line' id='line_1_23' title="bbox 541 2718 1854 2822; baseline 0.011 -32"><span class='ocrx_word' id='word_1_200' title='bbox 541 2725 598 2822; x_wconf 75' lang='lat' dir='ltr'>se,</span> <span class='ocrx_word' id='word_1_201' title='bbox 622 2721 707 2818; x_wconf 86' lang='lat' dir='ltr'>quod</span> <span class='ocrx_word' id='word_1_202' title='bbox 726 2718 891 2810; x_wconf 76' lang='lat' dir='ltr'>Christus,</span> <span class='ocrx_word' id='word_1_203' title='bbox 918 2721 1062 2802; x_wconf 81' lang='lat' dir='ltr'>Paulas,</span> <span class='ocrx_word' id='word_1_204' title='bbox 1088 2719 1207 2812; x_wconf 83' lang='lat' dir='ltr'>Moses.</span> <span class='ocrx_word' id='word_1_205' title='bbox 1253 2719 1390 2809; x_wconf 86' lang='lat' dir='ltr'>Porro,</span> <span class='ocrx_word' id='word_1_206' title='bbox 1409 2719 1455 2792; x_wconf 88' lang='lat' dir='ltr'>de</span> <span class='ocrx_word' id='word_1_207' title='bbox 1471 2725 1547 2820; x_wconf 88' lang='lat' dir='ltr'>ejus</span> <span class='ocrx_word' id='word_1_208' title='bbox 1564 2732 1737 2822; x_wconf 87' lang='lat' dir='ltr'>temporis</span> <span class='ocrx_word' id='word_1_209' title='bbox 1753 2735 1854 2805; x_wconf 84' lang='lat' dir='ltr'>Prae·</span> 
     </span>
     <span class='ocr_line' id='line_1_24' title="bbox 548 2814 1856 2922; baseline 0.003 -26"><span class='ocrx_word' id='word_1_210' title='bbox 548 2821 705 2912; x_wconf 88' lang='lat' dir='ltr'>sulibus,</span> <span class='ocrx_word' id='word_1_211' title='bbox 736 2822 804 2891; x_wconf 90' lang='lat' dir='ltr'>ita:</span> <span class='ocrx_word' id='word_1_212' title='bbox 841 2819 894 2914; x_wconf 91' lang='lat' dir='ltr'>(c)</span> <span class='ocrx_word' id='word_1_213' title='bbox 928 2848 954 2913; x_wconf 84' lang='lat'>„</span> <span class='ocrx_word' id='word_1_214' title='bbox 972 2818 1125 2910; x_wconf 84' lang='lat' dir='ltr'>Fateor,</span> <span class='ocrx_word' id='word_1_215' title='bbox 1160 2814 1258 2912; x_wconf 89' lang='lat' dir='ltr'>quod</span> <span class='ocrx_word' id='word_1_216' title='bbox 1275 2814 1319 2886; x_wconf 91' lang='lat' dir='ltr'>ad</span> <span class='ocrx_word' id='word_1_217' title='bbox 1337 2837 1394 2886; x_wconf 85' lang='lat' dir='ltr'>me</span> <span class='ocrx_word' id='word_1_218' title='bbox 1409 2815 1575 2912; x_wconf 67' lang='lat' dir='ltr'>adtinet,</span> <span class='ocrx_word' id='word_1_219' title='bbox 1599 2819 1693 2919; x_wconf 79' lang='lat' dir='ltr'>saepe</span> <span class='ocrx_word' id='word_1_220' title='bbox 1709 2826 1856 2922; x_wconf 81' lang='lat' dir='ltr'>dixisse,</span> 
     </span>
    </p>
   </div>
   <div class='ocr_carea' id='block_1_4' title="bbox 1078 1061 1999 1164">
    <p class='ocr_par' dir='ltr' id='par_1_5' title="bbox 1078 1061 1999 1164">
     <span class='ocr_line' id='line_1_25' title="bbox 1078 1061 1999 1164; baseline -0.01 -29"><span class='ocrx_word' id='word_1_221' title='bbox 1078 1065 1219 1163; x_wconf 88' lang='lat' dir='ltr'>peribus</span> <span class='ocrx_word' id='word_1_222' title='bbox 1243 1062 1294 1133; x_wconf 91' lang='lat' dir='ltr'>est</span> <span class='ocrx_word' id='word_1_223' title='bbox 1321 1061 1468 1153; x_wconf 88' lang='lat' dir='ltr'>inserta,</span> <span class='ocrx_word' id='word_1_224' title='bbox 1505 1065 1552 1158; x_wconf 82' lang='lat' dir='ltr'>(a)</span> <span class='ocrx_word' id='word_1_225' title='bbox 1570 1092 1722 1164; x_wconf 84' lang='lat' dir='ltr'>quaeque</span> <span class='ocrx_word' id='word_1_226' title='bbox 1738 1091 1859 1142; x_wconf 88' lang='lat' dir='ltr'>veram</span> <span class='ocrx_word' id='word_1_227' title='bbox 1995 1117 1999 1126; x_wconf 89' lang='lat'>.</span> 
     </span>
    </p>
   </div>
   <div class='ocr_carea' id='block_1_5' title="bbox 548 2908 1988 3018">
    <p class='ocr_par' dir='ltr' id='par_1_6' title="bbox 548 2908 1988 3018">
     <span class='ocr_line' id='line_1_26' title="bbox 548 2908 1988 3018; baseline -0.019 -23"><span class='ocrx_word' id='word_1_228' title='bbox 548 2918 731 3018; x_wconf 88' lang='lat' dir='ltr'>„justam</span> <span class='ocrx_word' id='word_1_229' title='bbox 758 2916 877 2990; x_wconf 90' lang='lat' dir='ltr'>nostra</span> <span class='ocrx_word' id='word_1_230' title='bbox 899 2915 1112 3014; x_wconf 81' lang='lat' dir='ltr'>tempestate</span> <span class='ocrx_word' id='word_1_231' title='bbox 1138 2908 1328 3013; x_wconf 85' lang='lat' dir='ltr'>praesulum</span> <span class='ocrx_word' id='word_1_232' title='bbox 1356 2931 1525 3009; x_wconf 86' lang='lat' dir='ltr'>partem,</span> <span class='ocrx_word' id='word_1_233' title='bbox 1567 2929 1640 2988; x_wconf 93' lang='lat' dir='ltr'>non</span> <span class='ocrx_word' id='word_1_234' title='bbox 1670 2943 1772 2993; x_wconf 87' lang='lat' dir='ltr'>veros</span> <span class='ocrx_word' id='word_1_235' title='bbox 1800 2924 1857 2996; x_wconf 86' lang='lat' dir='ltr'>sed</span> <span class='ocrx_word' id='word_1_236' title='bbox 1986 2963 1988 2967; x_wconf 79' lang='grc'>,</span> 
     </span>
    </p>
   </div>
   <div class='ocr_carea' id='block_1_6' title="bbox 548 3009 1853 3117">
    <p class='ocr_par' dir='ltr' id='par_1_7' title="bbox 548 3009 1853 3117">
     <span class='ocr_line' id='line_1_27' title="bbox 548 3009 1853 3117; baseline 0.005 -28"><span class='ocrx_word' id='word_1_237' title='bbox 548 3071 577 3114; x_wconf 93' lang='lat'><strong>„</strong></span> <span class='ocrx_word' id='word_1_238' title='bbox 602 3017 808 3117; x_wconf 84' lang='lat' dir='ltr'>personatos</span> <span class='ocrx_word' id='word_1_239' title='bbox 835 3013 904 3089; x_wconf 84' lang='lat' dir='ltr'>esse</span> <span class='ocrx_word' id='word_1_240' title='bbox 923 3011 1144 3113; x_wconf 87' lang='lat' dir='ltr'>Episcopos:</span> <span class='ocrx_word' id='word_1_241' title='bbox 1181 3009 1218 3084; x_wconf 93' lang='lat' dir='ltr'>id</span> <span class='ocrx_word' id='word_1_242' title='bbox 1235 3010 1332 3110; x_wconf 84' lang='lat' dir='ltr'>quod</span> <span class='ocrx_word' id='word_1_243' title='bbox 1351 3012 1502 3086; x_wconf 89' lang='lat' dir='ltr'>mihine</span> <span class='ocrx_word' id='word_1_244' title='bbox 1521 3015 1691 3112; x_wconf 87' lang='lat' dir='ltr'>imputari</span> <span class='ocrx_word' id='word_1_245' title='bbox 1708 3020 1853 3117; x_wconf 87' lang='lat' dir='ltr'>quidem</span> 
     </span>
    </p>
   </div>
   <div class='ocr_carea' id='block_1_7' title="bbox 546 3111 1994 3214">
    <p class='ocr_par' dir='ltr' id='par_1_8' title="bbox 546 3111 1994 3214">
     <span class='ocr_line' id='line_1_28' title="bbox 546 3111 1994 3214; baseline 0.003 -28"><span class='ocrx_word' id='word_1_246' title='bbox 546 3169 577 3210; x_wconf 89' lang='lat'>„</span> <span class='ocrx_word' id='word_1_247' title='bbox 601 3115 700 3212; x_wconf 84' lang='lat' dir='ltr'>poffe</span> <span class='ocrx_word' id='word_1_248' title='bbox 723 3115 908 3206; x_wconf 86' lang='lat' dir='ltr'>arbitror,</span> <span class='ocrx_word' id='word_1_249' title='bbox 950 3137 1061 3210; x_wconf 91' lang='lat' dir='ltr'>quum</span> <span class='ocrx_word' id='word_1_250' title='bbox 1080 3111 1207 3205; x_wconf 87' lang='lat' dir='ltr'>Jesaias</span> <span class='ocrx_word' id='word_1_251' title='bbox 1235 3134 1296 3182; x_wconf 90' lang='lat' dir='ltr'>eos</span> <span class='ocrx_word' id='word_1_252' title='bbox 1323 3134 1425 3183; x_wconf 87' lang='lat' dir='ltr'>canes</span> <span class='ocrx_word' id='word_1_253' title='bbox 1451 3133 1571 3186; x_wconf 87' lang='lat' dir='ltr'>mutos</span> <span class='ocrx_word' id='word_1_254' title='bbox 1597 3116 1784 3214; x_wconf 88' lang='lat' dir='ltr'>appellet,</span> <span class='ocrx_word' id='word_1_255' title='bbox 1815 3121 1856 3196; x_wconf 87' lang='lat'>&amp;</span> <span class='ocrx_word' id='word_1_256' title='bbox 1990 3123 1994 3130; x_wconf 86' lang='lat'>&#39;</span> 
     </span>
    </p>
   </div>
   <div class='ocr_carea' id='block_1_8' title="bbox 548 3206 1856 3609">
    <p class='ocr_par' dir='ltr' id='par_1_9' title="bbox 548 3206 1856 3609">
     <span class='ocr_line' id='line_1_29' title="bbox 549 3206 1856 3309; baseline 0.003 -22"><span class='ocrx_word' id='word_1_257' title='bbox 549 3267 577 3309; x_wconf 91' lang='lat'>„</span> <span class='ocrx_word' id='word_1_258' title='bbox 600 3210 765 3287; x_wconf 86' lang='lat' dir='ltr'>Christus</span> <span class='ocrx_word' id='word_1_259' title='bbox 782 3209 876 3284; x_wconf 89' lang='lat' dir='ltr'>fures</span> <span class='ocrx_word' id='word_1_260' title='bbox 894 3212 931 3285; x_wconf 89' lang='lat'>&amp;</span> <span class='ocrx_word' id='word_1_261' title='bbox 950 3210 1128 3299; x_wconf 84' lang='lat' dir='ltr'>latrones;</span> <span class='ocrx_word' id='word_1_262' title='bbox 1150 3211 1210 3281; x_wconf 88' lang='lat' dir='ltr'>De</span> <span class='ocrx_word' id='word_1_263' title='bbox 1226 3206 1405 3304; x_wconf 70' lang='lat' dir='ltr'>his&#39;dico,</span> <span class='ocrx_word' id='word_1_264' title='bbox 1422 3215 1483 3308; x_wconf 91' lang='lat' dir='ltr'>qui</span> <span class='ocrx_word' id='word_1_265' title='bbox 1502 3237 1576 3291; x_wconf 90' lang='lat' dir='ltr'>non</span> <span class='ocrx_word' id='word_1_266' title='bbox 1596 3237 1659 3309; x_wconf 83' lang='lat' dir='ltr'>per</span> <span class='ocrx_word' id='word_1_267' title='bbox 1675 3216 1805 3292; x_wconf 88' lang='lat' dir='ltr'>ostium</span> <span class='ocrx_word' id='word_1_268' title='bbox 1817 3220 1856 3294; x_wconf 86' lang='lat' dir='ltr'>in</span> 
     </span>
     <span class='ocr_line' id='line_1_30' title="bbox 548 3309 1854 3417; baseline 0.006 -33"><span class='ocrx_word' id='word_1_269' title='bbox 548 3366 577 3408; x_wconf 96' lang='lat'>„</span> <span class='ocrx_word' id='word_1_270' title='bbox 604 3311 699 3385; x_wconf 85' lang='lat' dir='ltr'>ovile</span> <span class='ocrx_word' id='word_1_271' title='bbox 714 3312 840 3383; x_wconf 91' lang='lat' dir='ltr'>ovium</span> <span class='ocrx_word' id='word_1_272' title='bbox 859 3311 1095 3408; x_wconf 88' lang='lat' dir='ltr'>introjerunt:</span> <span class='ocrx_word' id='word_1_273' title='bbox 1130 3330 1264 3406; x_wconf 88' lang='lat' dir='ltr'>paucos</span> <span class='ocrx_word' id='word_1_274' title='bbox 1281 3309 1375 3379; x_wconf 89' lang='lat' dir='ltr'>enim</span> <span class='ocrx_word' id='word_1_275' title='bbox 1397 3311 1570 3407; x_wconf 87' lang='lat' dir='ltr'>reperias,</span> <span class='ocrx_word' id='word_1_276' title='bbox 1598 3312 1660 3411; x_wconf 91' lang='lat' dir='ltr'>qui</span> <span class='ocrx_word' id='word_1_277' title='bbox 1680 3315 1854 3417; x_wconf 87' lang='lat' dir='ltr'>Episcopi</span> 
     </span>
     <span class='ocr_line' id='line_1_31' title="bbox 548 3405 1853 3514; baseline 0.005 -31"><span class='ocrx_word' id='word_1_278' title='bbox 548 3465 576 3505; x_wconf 89' lang='lat'>„</span> <span class='ocrx_word' id='word_1_279' title='bbox 601 3431 747 3483; x_wconf 88' lang='lat' dir='ltr'>munere</span> <span class='ocrx_word' id='word_1_280' title='bbox 772 3409 830 3482; x_wconf 88' lang='lat' dir='ltr'>vel</span> <span class='ocrx_word' id='word_1_281' title='bbox 857 3432 924 3506; x_wconf 90' lang='lat' dir='ltr'>pro</span> <span class='ocrx_word' id='word_1_282' title='bbox 950 3407 1044 3479; x_wconf 88' lang='lat' dir='ltr'>virili</span> <span class='ocrx_word' id='word_1_283' title='bbox 1060 3405 1280 3504; x_wconf 85' lang='lat' dir='ltr'>fungantur,</span> <span class='ocrx_word' id='word_1_284' title='bbox 1315 3408 1352 3480; x_wconf 89' lang='lat'>&amp;</span> <span class='ocrx_word' id='word_1_285' title='bbox 1370 3430 1442 3478; x_wconf 89' lang='lat' dir='ltr'>non</span> <span class='ocrx_word' id='word_1_286' title='bbox 1461 3411 1582 3506; x_wconf 89' lang='lat' dir='ltr'>potius</span> <span class='ocrx_word' id='word_1_287' title='bbox 1600 3433 1706 3508; x_wconf 86' lang='lat' dir='ltr'>agant</span> <span class='ocrx_word' id='word_1_288' title='bbox 1725 3415 1853 3514; x_wconf 84' lang='lat' dir='ltr'>Dyna-</span> 
     </span>
     <span class='ocr_line' id='line_1_32' title="bbox 550 3502 1853 3609; baseline 0.005 -28"><span class='ocrx_word' id='word_1_289' title='bbox 550 3562 578 3604; x_wconf 91' lang='lat'>„</span> <span class='ocrx_word' id='word_1_290' title='bbox 605 3509 701 3602; x_wconf 87' lang='lat' dir='ltr'>stas,</span> <span class='ocrx_word' id='word_1_291' title='bbox 737 3510 922 3604; x_wconf 85' lang='lat' dir='ltr'>Satrapas,</span> <span class='ocrx_word' id='word_1_292' title='bbox 954 3507 1090 3604; x_wconf 85' lang='lat' dir='ltr'>Reges.</span> <span class='ocrx_word' id='word_1_293' title='bbox 1117 3558 1145 3599; x_wconf 89' lang='lat'>„</span> <span class='ocrx_word' id='word_1_294' title='bbox 1207 3502 1270 3576; x_wconf 80' lang='lat' dir='ltr'>Est</span> <span class='ocrx_word' id='word_1_295' title='bbox 1295 3504 1385 3578; x_wconf 76' lang='lat' dir='ltr'>vero</span> <span class='ocrx_word' id='word_1_296' title='bbox 1410 3526 1493 3578; x_wconf 90' lang='lat' dir='ltr'>ante</span> <span class='ocrx_word' id='word_1_297' title='bbox 1518 3511 1639 3581; x_wconf 90' lang='lat' dir='ltr'>omnia</span> <span class='ocrx_word' id='word_1_298' title='bbox 1663 3513 1853 3609; x_wconf 75' lang='lat' dir='ltr'>notabilia,</span> 
     </span>
    </p>
   </div>
   <div class='ocr_carea' id='block_1_9' title="bbox 1178 3602 1855 3711">
    <p class='ocr_par' dir='ltr' id='par_1_10' title="bbox 1178 3602 1855 3711">
     <span class='ocr_line' id='line_1_33' title="bbox 1178 3602 1855 3711; baseline 0 -23"><span class='ocrx_word' id='word_1_299' title='bbox 1178 3602 1226 3674; x_wconf 88' lang='grc' dir='ltr'><em>Μ</em></span> <span class='ocrx_word' id='word_1_300' title='bbox 1244 3625 1305 3673; x_wconf 80' lang='lat' dir='ltr'>m·</span> <span class='ocrx_word' id='word_1_301' title='bbox 1747 3612 1855 3711; x_wconf 73' lang='lat' dir='ltr'>ipsius</span> 
     </span>
    </p>
   </div>
   <div class='ocr_carea' id='block_1_10' title="bbox 548 3734 1855 4081">
    <p class='ocr_par' dir='ltr' id='par_1_11' title="bbox 592 3734 1436 3823">
     <span class='ocr_line' id='line_1_34' title="bbox 592 3734 1436 3823; baseline -0.008 -18"><span class='ocrx_word' id='word_1_302' title='bbox 592 3744 640 3823; x_wconf 88' lang='lat' dir='ltr'>(a)</span> <span class='ocrx_word' id='word_1_303' title='bbox 662 3760 692 3806; x_wconf 87' lang='lat' dir='ltr'>v.</span> <span class='ocrx_word' id='word_1_304' title='bbox 713 3737 925 3804; x_wconf 81' lang='lat' dir='ltr'><strong>ZWINGL·</strong></span> <span class='ocrx_word' id='word_1_305' title='bbox 943 3737 1028 3820; x_wconf 87' lang='lat' dir='ltr'>Opp.</span> <span class='ocrx_word' id='word_1_306' title='bbox 1047 3734 1186 3814; x_wconf 87' lang='lat' dir='ltr'>Tomt.</span> <span class='ocrx_word' id='word_1_307' title='bbox 1207 3735 1267 3801; x_wconf 89' lang='lat' dir='ltr'>fol.</span> <span class='ocrx_word' id='word_1_308' title='bbox 1286 3755 1436 3822; x_wconf 81' lang='lat'>124·144.</span> 
     </span>
    </p>

    <p class='ocr_par' dir='ltr' id='par_1_12' title="bbox 548 3819 1855 4081">
     <span class='ocr_line' id='line_1_35' title="bbox 600 3819 1852 3908; baseline 0.004 -19"><span class='ocrx_word' id='word_1_309' title='bbox 600 3831 650 3906; x_wconf 81' lang='lat' dir='ltr'>(b)</span> <span class='ocrx_word' id='word_1_310' title='bbox 678 3823 726 3886; x_wconf 86' lang='lat' dir='ltr'>Ur</span> <span class='ocrx_word' id='word_1_311' title='bbox 754 3826 867 3888; x_wconf 82' lang='lat' dir='ltr'>mirum</span> <span class='ocrx_word' id='word_1_312' title='bbox 900 3840 1027 3903; x_wconf 89' lang='lat' dir='ltr'>quoque</span> <span class='ocrx_word' id='word_1_313' title='bbox 1052 3821 1100 3895; x_wconf 81' lang='lat' dir='ltr'>stt,</span> <span class='ocrx_word' id='word_1_314' title='bbox 1129 3819 1222 3885; x_wconf 87' lang='lat' dir='ltr'>&amp;ne</span> <span class='ocrx_word' id='word_1_315' title='bbox 1245 3833 1335 3883; x_wconf 87' lang='lat' dir='ltr'>tanto</span> <span class='ocrx_word' id='word_1_316' title='bbox 1359 3821 1487 3904; x_wconf 88' lang='lat' dir='ltr'>quidem</span> <span class='ocrx_word' id='word_1_317' title='bbox 1501 3822 1579 3890; x_wconf 88' lang='lat' dir='ltr'>Viro</span> <span class='ocrx_word' id='word_1_318' title='bbox 1593 3825 1739 3908; x_wconf 82' lang='lat' dir='ltr'>dignum,</span> <span class='ocrx_word' id='word_1_319' title='bbox 1779 3826 1852 3894; x_wconf 80' lang='lat' dir='ltr'>cet.</span> 
     </span>
     <span class='ocr_line' id='line_1_36' title="bbox 548 3902 1855 3989; baseline 0.004 -15"><span class='ocrx_word' id='word_1_320' title='bbox 548 3906 793 3973; x_wconf 85' lang='lat' dir='ltr'>MOSHEMil</span> <span class='ocrx_word' id='word_1_321' title='bbox 811 3906 968 3985; x_wconf 82' lang='lat' dir='ltr'>ludiciam</span> <span class='ocrx_word' id='word_1_322' title='bbox 983 3906 1023 3969; x_wconf 88' lang='lat' dir='ltr'>de</span> <span class='ocrx_word' id='word_1_323' title='bbox 1037 3903 1102 3983; x_wconf 85' lang='lat' dir='ltr'>ipso</span> <span class='ocrx_word' id='word_1_324' title='bbox 1119 3902 1304 3989; x_wconf 81' lang='lat' dir='ltr'>Zwinglio‚</span> <span class='ocrx_word' id='word_1_325' title='bbox 1319 3904 1447 3987; x_wconf 84' lang='lat' dir='ltr'>ejusque</span> <span class='ocrx_word' id='word_1_326' title='bbox 1463 3907 1713 3989; x_wconf 81' lang='lat' dir='ltr'>Reformatione,</span> <span class='ocrx_word' id='word_1_327' title='bbox 1729 3912 1811 3989; x_wconf 84' lang='lat' dir='ltr'>quast</span> <span class='ocrx_word' id='word_1_328' title='bbox 1829 3915 1855 3979; x_wconf 87' lang='lat' dir='ltr'>is</span> 
     </span>
     <span class='ocr_line' id='line_1_37' title="bbox 551 3987 1854 4081; baseline 0.005 -26"><span class='ocrx_word' id='word_1_329' title='bbox 551 3991 712 4074; x_wconf 73' lang='lat' dir='ltr'>improvidi</span> <span class='ocrx_word' id='word_1_330' title='bbox 726 3990 810 4053; x_wconf 76' lang='lat' dir='ltr'>circa</span> <span class='ocrx_word' id='word_1_331' title='bbox 827 3994 906 4054; x_wconf 86' lang='lat' dir='ltr'>hanc</span> <span class='ocrx_word' id='word_1_332' title='bbox 923 3990 1046 4055; x_wconf 86' lang='lat' dir='ltr'>causam</span> <span class='ocrx_word' id='word_1_333' title='bbox 1064 3987 1155 4054; x_wconf 85' lang='lat' dir='ltr'>fuerit</span> <span class='ocrx_word' id='word_1_334' title='bbox 1171 3990 1324 4062; x_wconf 80' lang='lat' dir='ltr'>versatus,</span> <span class='ocrx_word' id='word_1_335' title='bbox 1355 3991 1430 4058; x_wconf 80' lang='lat' dir='ltr'>ande</span> <span class='ocrx_word' id='word_1_336' title='bbox 1439 4013 1550 4081; x_wconf 80' lang='lat' dir='ltr'>graves</span> <span class='ocrx_word' id='word_1_337' title='bbox 1561 3991 1662 4059; x_wconf 76' lang='lat' dir='ltr'>aetnae</span> <span class='ocrx_word' id='word_1_338' title='bbox 1672 3999 1854 4080; x_wconf 77' lang='lat' dir='ltr'>inimicitia,</span> 
     </span>
    </p>
   </div>
   <div class='ocr_carea' id='block_1_11' title="bbox 554 4068 1850 4263">
    <p class='ocr_par' dir='ltr' id='par_1_13' title="bbox 554 4068 1850 4263">
     <span class='ocr_line' id='line_1_38' title="bbox 554 4068 1850 4165; baseline -0.037 -23"><span class='ocrx_word' id='word_1_339' title='bbox 554 4074 594 4148; x_wconf 50' lang='grc' dir='ltr'>ὅ</span> <span class='ocrx_word' id='word_1_340' title='bbox 610 4072 783 4156; x_wconf 57' lang='lat' dir='ltr'>deploranda</span> <span class='ocrx_word' id='word_1_341' title='bbox 793 4073 975 4139; x_wconf 74' lang='lat' dir='ltr'>calamitates</span> <span class='ocrx_word' id='word_1_342' title='bbox 976 4073 1040 4153; x_wconf 72' lang='lat' dir='ltr'>fini</span> <span class='ocrx_word' id='word_1_343' title='bbox 1050 4086 1128 4136; x_wconf 63' lang='lat' dir='ltr'>ata.</span> <span class='ocrx_word' id='word_1_344' title='bbox 1150 4068 1403 4156; x_wconf 59' lang='lat' dir='ltr'>vid.§Cx)(1‚</span> <span class='ocrx_word' id='word_1_345' title='bbox 1845 4139 1850 4165; x_wconf 48' lang='lat'><strong>¹</strong></span> 
     </span>
     <span class='ocr_line' id='line_1_39' title="bbox 595 4153 1830 4263; baseline -0.057 -24"><span class='ocrx_word' id='word_1_346' title='bbox 595 4153 1140 4263; x_wconf 31' lang='lat' dir='ltr'>(0)2W1NGL.1.,c.·fol.t3t.</span> <span class='ocrx_word' id='word_1_347' title='bbox 1536 4168 1539 4175; x_wconf 68' lang='lat'>,</span> <span class='ocrx_word' id='word_1_348' title='bbox 1775 4154 1830 4188; x_wconf 63' lang='lat'>.„.</span> 
     </span>
    </p>
   </div>
   <div class='ocr_carea' id='block_1_12' title="bbox 0 0 2446 5042">
    <p class='ocr_par' dir='ltr' id='par_1_14' title="bbox 0 0 2446 5042">
     <span class='ocr_line' id='line_1_40' title="bbox 0 0 2446 5042; baseline 0 2"><span class='ocrx_word' id='word_1_349' title='bbox 0 0 2446 5042; x_wconf 95' lang='lat' dir='ltr'> </span> 
     </span>
    </p>
   </div>
  </div>
 </body>
</html>
