4884 5042
1160 587 1175 677 <
1193 591 1291 684 ne>

577 737 697 828 tentia,
721 755 761 809 ut
778 761 851 810 eam
865 731 969 810 literis
986 732 1207 829 quantumuis
1224 733 1438 832 obfignandis
1456 738 1670 814 committere
1686 761 1805 838 parum
1819 736 1859 810 lit
1975 810 1979 827 ,
2045 810 2048 819 ,

579 853 714 922 tutum,
733 854 897 905 netamen
916 826 1001 927 fuleo
1026 853 1103 900 meo
1121 851 1242 926 negare
1260 830 1373 901 videar
1394 855 1597 928 quicquam,
1623 842 1736 930 paucis
1755 836 1859 906 tonui

577 925 755 1025 tragoediae
779 931 822 1023 (s
831 938 843 1017 )
866 926 1032 998 summam
1065 921 1156 994 bona
1178 948 1258 996 cum
1283 923 1351 998 fide
1376 928 1631 1020 repraesentabo.
1681 931 1747 1003 Sed
1774 929 1859 1000 heus

578 1043 634 1111 tu,
656 1044 739 1093 euve
756 1042 951 1117 quenquam
971 1039 1132 1115 praeterea
1153 1017 1561 1113 spectarorcmadminas.
1610 1024 1752 1119 Alioqui
1773 1025 1873 1095 scito·

576 1115 661 1188 mihi
680 1116 852 1210 personam
871 1139 906 1184 m
925 1114 1031 1184 media
1048 1111 1180 1184 afflone
1201 1112 1362 1185 casuram.
1420 1116 1593 1210 Principio
1614 1118 1687 1188 satis
1708 1119 1856 1205 constat,

574 1232 615 1283 ut
630 1215 687 1308 lg)
704 1210 820 1281 nullus
833 1203 996 1306 repetam,
1019 1225 1155 1303 quantae
1172 1207 1274 1280 suerit
1291 1208 1428 1281 invidiae
1446 1219 1597 1280 Marrino
1619 1211 1697 1283 suus
1713 1233 1855 1284 conatus

575 1310 667 1401 apud
679 1328 813 1392 omnes,
834 1303 944 1400 &qui
962 1303 1016 1373 vel
1030 1301 1298 1373 Romanenfium
1311 1302 1455 1375 istorum
1476 1305 1681 1400 impietatem
1697 1307 1853 1402 ignorant

575 1400 630 1472 vel
640 1419 768 1468 'eorum
794 1398 884 1469 viriis
900 1398 1061 1484 aluntur,
1088 1394 1124 1466 ὃ(
1143 1395 1204 1490 qui
1221 1417 1325 1467 totam
1349 1419 1479 1470 aetatem
1500 1400 1534 1471 in
1559 1399 1746 1497 sophisticis
1762 1399 1854 1471 tricis

573 1490 849 1582 consumserum3
873 1512 1046 1588 quamque
1058 1488 1334 1561 conclusionibus
1345 1513 1519 1587 pertotam
1532 1494 1750 1567 Germaniam
1764 1492 1852 1589 spar-

574 1585 617 1660 srs
635 1586 724 1659 utrin
752 1611 794 1659 ue
812 1584 851 1658 srt
873 1607 1090 1684 pugnatum,
1115 1585 1276 1656 dumille
1301 1586 1554 1683 Philosophiam
1580 1589 1852 1675 Aristotelicum,

574 1704 680 1777 quam
704 1610 831 1768 hilam,
852 1679 1009 1775 quamvis
1028 1700 1205 1771 nunquam
1224 1679 1452 1768 intelleemm,
1472 1682 1524 1754 illi
1544 1703 1675 1772 tenent,
1694 1707 1736 1755 ex
1755 1683 1851 1755 The·

574 1775 760 1872 ologorum
783 1775 914 1846 theatro
939 1772 1118 1868 explodit,
1143 1773 1176 1842 hi
1197 1796 1271 1843 eam
1290 1798 1353 1845 ceu
1371 1775 1524 1847 nmasram
1557 1778 1648 1849 suam
1678 1777 1853 1849 mordicus

574 1888 703 1956 tenent,
725 1867 763 1940 &
785 1867 913 1962 quibus
937 1867 1075 1963 poll'um
1096 1865 1197 1938 armis
1215 1866 1302 1942 tueri
1327 1867 1485 1958 student,
1508 1874 1633 1944 dolone
1649 1896 1692 1943 an
1709 1873 1852 1956 virtute,

575 1963 655 2058 quis
674 1963 707 2033 in
726 1961 820 2033 hoste
836 1961 1009 2056 requirat?
1034 1963 1120 2030 Non
1139 1960 1230 2032 enim
1250 1959 1312 2032 soli
1330 1964 1517 2059 lipsienses
1539 1968 1642 2040 nostri
1662 1967 1853 2038 conclusio·

574 2081 633 2130 nes
647 2061 718 2128 suas
731 2056 943 2127 Martinianis
953 2053 1206 2152 opposuerunt,
1229 2052 1281 2126 sed
1294 2056 1331 2129 &
1354 2066 1471 2130 Eccius
1491 2062 1525 2132 in
1543 2060 1678 2134 Bavaris
1695 2060 1853 2133 Theolo-

571 2175 657 2252 gum
679 2171 781 2251 agens
801 2156 972 2245 αεροβοιτων
997 2181 1031 2222 et
1060 2161 1107 2239 (b)
1131 2181 1183 2221 w
1208 2183 1255 2222 eor
1280 2168 1349 2225 Θεον
1367 2185 1458 2244 ωσπερ
1493 2177 1651 2254 {aequem
1676 2189 1736 2229 arro
1758 2187 1854 2252 vappae
1899 2187 1902 2194 ’

570 2269 743 2342 vesparum
763 2247 808 2317 rei
826 2243 976 2315 novitate
1002 2264 1177 2339 permotus
1197 2243 1371 2342 Episcopo
1395 2247 1583 2323 Eillettenli
1603 2250 1778 2322 corollaria
1793 2251 1854 2321 ali-

573 2360 661 2431 quot
677 2361 795 2413 contra
811 2346 1002 2407 Martinam
1028 2337 1194 2408 exhibuit.
1244 2339 1353 2427 Quod
1374 2341 1434 2411 ubi
1454 2353 1625 2415 Martinus
1645 2370 1705 2439 per
1722 2344 1850 2417 amicos

577 2424 778 2518 rescivisset,
800 2451 883 2498 mox
899 2429 1165 2512 Carolostaedium,
1189 2430 1523 2526 Wirtenbergensem
1544 2440 1851 2525 Archrdiaconum,

572 2523 607 2594 in
631 2544 712 2593 eum
738 2521 895 2606 immisit,
922 2520 1093 2590 hominem
1113 2522 1154 2590 ad
1180 2530 1358 2596 hemioliae
1379 2542 1501 2627 cogere
1517 2531 1618 2600 nisus.
1668 2531 1729 2604 llle
1750 2531 1851 2603 semel

570 2637 675 2712 atque
693 2619 815 2691 iterum
835 2615 1020 2710 respondit,
1043 2613 1096 2684 sed
1115 2637 1192 2686 meo
1204 2613 1337 2718 judicio
1356 2617 1397 2687 fri
1426 2619 1537 2711 idrus,
1556 2647 1660 2720 quam
1673 2646 1711 2699 ut
1721 2625 1851 2698 doeen-

572 2735 626 2782 nae
638 2707 966 2810 alicujuseminentis
982 2708 1082 2779 fidem
1099 2708 1216 2779 leelon
1234 2711 1373 2782 cordato
1416 2737 1490 2785 cere
1503 2717 1665 2789 videatur.
1721 2720 1850 2815 Neque

568 2807 661 2877 enim
677 2816 806 2892 Eccius‚
829 2827 931 2901 quam
949 2806 993 2872 cll
1020 2804 1135 2899 lingua
1155 2822 1326 2897 promtus,
1349 2826 1416 2876 tam
1433 2808 1471 2879 &
1488 2812 1655 2883 calamum
1674 2813 1774 2883 habet
1787 2837 1862 2884 ex·-

571 2902 747 2997 peditum,
773 2909 856 2981 δεινος
878 2905 924 2986 li)
946 2929 997 2993 μεν
1017 2923 1135 2986 heheu,
1159 2905 1300 2978 αδυιατος
1318 2906 1347 2973 δε
1362 2927 1467 2994 λεγειν.
1517 2905 1635 2997 Quare
1647 2907 1712 2977 hoc
1723 2929 1847 3002 genere

570 3018 697 3091 pugnae
732 2995 911 3067 vieloriam
947 2992 1123 3088 desperans
1156 2993 1198 3064 ad
1231 2993 1432 3065 theatricum
1468 2996 1565 3070 illum
1602 2999 1749 3096 publieae
1781 3000 1848 3072 dis·

568 3089 766 3183 ceptationis
787 3085 1000 3185 congressum
1025 3107 1198 3184 provocat.
1249 3087 1428 3161 Nimirum
1450 3122 1541 3174 am
1561 3127 1602 3174 εις
1622 3101 1712 3168 enlm
1760 3095 1848 3168 Non

569 3181 756 3256 detrectant
798 3205 965 3256 certamen
1014 3179 1337 3280 Wittenbergensts.
1408 3186 1465 3259 Sic
1501 3187 1654 3284 utrisque
1692 3213 1740 3284 pu
1766 3213 1848 3261 nan·

569 3278 603 3348 di
628 3277 777 3373 fitcopia
798 3279 830 3348 in
852 3276 1116 3375 'l'heologorum
1141 3278 1336 3348 nostrorum
1364 3304 1443 3354 vere
1466 3306 1661 3376 pertenuem
1684 3284 1718 3358 X
1766 3286 1846 3358 Vll.

566 3373 663 3464 Junii
685 3372 803 3443 meniis
819 3371 927 3443 dicad
948 3372 1238 3468 congrediendum
1263 3374 1429 3447 condiela.
1480 3377 1618 3447 Mature
1633 3379 1768 3475 utrique
1788 3381 1847 3453 ad·

568 3488 744 3567 venerunt.
799 3473 917 3538 Eccius
943 3465 1034 3538 solus
1057 3490 1136 3538 cum
1147 3466 1231 3632 {opp
1258 3467 1414 3542 ministro
1434 3494 1544 3567 eoque
1568 3473 1846 3563 commodantio,

1240 3583 1265 3632 2
1751 3571 1848 3641 Prin·

611 3764 665 3850 (l)
691 3769 815 3831 Verius
840 3765 980 3832 vocallet
999 3766 1184 3833 conroerle'em.

611 3859 665 3933 (g)
695 3850 769 3915 llnc
792 3851 853 3926 ell,
876 3851 949 3916 licet
971 3851 1007 3916 id
1023 3873 1080 3915 non
1100 3867 1280 3935 repeterem.
1610 3885 1622 3909 e

609 3936 656 4012 (bl
685 3935 785 3998 Petita
802 3935 869 3998 hec
897 3934 992 4000 verbu
1019 3937 1091 3998 suut
1112 3957 1152 3999 ex
1180 3936 1289 4000 Aristo
1314 3935 1404 4002 honis
1426 3938 1509 4006 Nub.
1533 3939 1592 4006 all.
1615 3941 1638 4007 I
1665 3935 1707 4023 sc.
1729 3959 1758 4025 ς.

609 4013 648 4096 (i)
677 4016 753 4082 Hoc
769 4018 833 4098 cll,
857 4020 908 4082 vir
928 4038 1048 4106 magnae
1071 4021 1262 4103 loquenriae,
1283 3956 1336 4088 sid
1356 4040 1473 4110 expers
1495 4008 1695 4109 eloquentie.
