4884 5042
1133 562 1243 657 (ψ)

585 765 670 837 Heu
689 777 794 857 rupta
811 753 862 830 est
881 755 1055 848 maceria,
1078 755 1153 827 dein
1161 753 1288 845 schutz
1306 756 1491 828 vernichtet
1507 755 1586 850 ist,-

583 864 684 935 Dum
703 879 776 931 tam
796 852 919 937 sanclis
937 849 1138 952 pastoribus
1161 854 1205 924 du
1219 867 1329 948 gantz
1347 852 1501 924 beraubet
1519 854 1592 946 bist.

580 960 659 1052 Jam
680 952 817 1028 cunetis
835 973 931 1048 pates
949 949 1131 1042 hostibus,
1156 952 1231 1022 dieb
1249 947 1363 1038 reiffen
1379 950 1443 1020 alle
1463 944 1587 1043 Thio,

518 1117 522 1123 ,
583 1057 633 1128 Et
651 1054 731 1126 sun-t
748 1052 802 1124 tui
821 1048 1033 1142 domestici,
1057 1051 1108 1122 die
1126 1045 1306 1142 b'osenfind
1321 1049 1377 1135 bey
1394 1049 1460 1117 dir.

582 1264 661 1337 Hic
687 1261 932 1334 numeratione
957 1257 1185 1356 praesentium
1212 1254 1446 1354 quorumdam
1468 1253 1786 1328 &imminentium

663 1357 907 1458 periculorum
928 1358 1102 1430 bortatur
1128 1353 1337 1452 pastoralem
1363 1350 1596 1450 digniffimam
1623 1340 1703 1421 sub·

519 1460 520 1463 ’
635 1467 663 1485 '¹
715 1457 929 1547 limitatem,
955 1456 997 1525 ad
1021 1456 1139 1526 vivam
1158 1450 1427 1554 conversionem
1446 1449 1488 1521 ad
1510 1450 1661 1543 Deum„

893 1575 978 1623 cum
1006 1571 1195 1624 contemtu
1215 1547 1474 1622 universorum.

579 1700 617 1771 O
637 1694 819 1794 pastoralis
837 1695 991 1794 dignitas
1016 1697 1061 1767 du
1078 1695 1308 1790 allerhochster
1326 1699 1456 1788 stand,

580 1795 765 1868 Excutere
782 1792 826 1865 de
836 1795 1005 1890 pulvere,
1030 1796 1155 1865 merckt
1172 1796 1264 1865 deine
1277 1797 1380 1890 groffe
1400 1795 1543 1867 Schand.

577 1891 643 1963 Tu
661 1890 751 1963 colli
766 1888 863 1964 solve
882 1892 1047 1984 vincula,
1072 1893 1111 1965 eh
1130 1892 1205 1963 dieb
1223 1891 1282 1963 der
1298 1894 1378 1963 Fall
1392 1888 1568 1986 bestrickt,

574 1989 775 2064 Revertere
790 1988 834 2059 ad
853 1990 1079 2081 Dominum,
1104 1986 1198 2081 ruff,
1224 1990 1308 2084 dasz
1326 2012 1362 2060 er
1380 1986 1500 2083 Hulffe
1516 1988 1640 2082 schikr..

508 2205 509 2211 ,
573 2123 655 2220 Jam
674 2122 784 2200 resera
801 2125 1023 2223 praecordia,
1045 2126 1107 2223 geh
1122 2125 1228 2221 selber
1245 2130 1281 2198 in
1298 2127 1374 2197 dein
1391 2129 1529 2216 Hertz,

573 2224 697 2323 Quam
716 2225 876 2322 graviter
894 2222 1066 2298 cecideris
1091 2224 1228 2296 bedenck
1247 2225 1309 2293 mit
1321 2223 1458 2319 groffem
1478 2223 1666 2297 Schmertz.

573 2320 744 2414 Agnosce
765 2320 1098 2413 clementisfimum‚
1122 2324 1213 2417 ergib
1233 2322 1308 2392 dieb
1321 2322 1500 2416 gantzlich
1518 2320 1610 2411 ihm,

573 2413 669 2486 Non
687 2409 911 2484 obsurdescas
927 2419 1080 2506 amplius
1098 2444 1145 2489 zu
1161 2417 1268 2510 [einer
1286 2418 1544 2513 Gnadenstimm.

574 2547 615 2624 Si
633 2567 669 2621 te
689 2543 931 2618 humiliaveris
956 2552 1002 2618 im
1020 2550 1178 2619 Hertzen
1196 2551 1259 2620 Sir'z
1276 2555 1346 2620 und
1360 2554 1481 2625 Muth.

571 2642 748 2744 Piissimus
766 2641 818 2716 est
838 2642 1043 2735 Dominus,
1068 2669 1105 2715 er
1125 2648 1217 2740 zeigt
1228 2646 1301 2739 fich
1317 2646 1373 2716 dir
1389 2647 1471 2718 bald
1480 2635 1555 2740 gat.

572 2743 661 2817 Nec
678 2765 837 2840 unquam
857 2738 1106 2814 recordabitur
1130 2742 1188 2813 der
1207 2740 1322 2832 Sum,
1348 2766 1444 2814 avenn
1452 2748 1503 2838 ste
1520 2745 1577 2816 dir
1592 2745 1694 2839 leyd‚.

573 2841 645 2918 Sed
664 2839 800 2914 tribuet
813 2831 990 2939 justitiam
1015 2840 1090 2912 hier
1106 2840 1175 2911 und
1189 2843 1226 2911 in
1244 2838 1429 2936 Ewigkeit.

570 2981 730 3057 Paternis
747 2980 852 3056 crede
869 2977 1021 3073 osculis,
1047 2982 1106 3055 der
1120 2979 1215 3076 selbst
1230 2979 1415 3076 empfanget
1432 2978 1536 3069 sich,

571 3077 667 3154 Vult
686 3076 775 3149 stola
792 3081 908 3174 prima
925 3078 1075 3150 candida
1098 3080 1174 3152 dieb
1193 3080 1320 3152 kleiden
1335 3078 1548 3173 wurdiglich.

572 3171 752 3249 Cundlam
773 3175 877 3271 pellit
897 3174 1076 3247 infamiam
1100 3176 1187 3270 seiae
1205 3176 1541 3271 Barmhertzigkeit,

460 3309 463 3314 ·
569 3269 745 3370 Fulgebit
763 3272 837 3346 laus
856 3271 1032 3370 posterior
1057 3275 1150 3348 mehr
1166 3278 1219 3348 als
1237 3275 1290 3347 die
1307 3272 1370 3369 ersi
1387 3272 1566 3373 Klarbeit..
1717 3317 1733 3333 „
1786 3334 1791 3343 „
1858 3320 1861 3327 .

570 3481 647 3560 Hic
673 3506 826 3559 conatur
851 3486 1196 3560 commemoratione
1223 3482 1455 3558 contumeliae
1484 3483 1522 3559 &
1539 3481 1783 3581 vilipenfionia

658 3580 821 3666 secularis
839 3584 882 3658 ad
901 3586 1023 3658 Deum
1044 3608 1108 3682 per
1125 3583 1251 3657 mundi
1272 3603 1497 3657 contemtum
1518 3607 1698 3660 revocare.

570 3728 732 3805 Censens
747 3735 822 3829 jam
840 3727 1024 3822 vilissima,
1048 3729 1123 3824 lasz
1142 3731 1198 3803 dir
1215 3753 1263 3800 zu
1281 3732 1436 3802 Hertzen
1447 3731 1555 3828 gebu,

568 3827 682 3901 Forte
700 3831 897 3924 poscuntur
915 3829 1085 3920 crimina,
1112 3829 1209 3902 deum
1226 3828 1356 3920 wollstu
1373 3831 1449 3900 dich
1461 3829 1633 3924 fursehn,

568 3923 656 3996 Tua
674 3926 853 4023 cognosce
871 3927 1039 4016 vulnera,
1064 3925 1148 4019 dafz
1167 3922 1201 3998 T
1195 3952 1252 3999 reu
1271 3950 1319 3996 an
1331 3926 1387 3996 dir
1404 3927 1570 4019 erschein,

572 4019 715 4094 Sanabis
734 4026 824 4100 te&
844 4024 954 4118 alios,
977 4026 1032 4096 die
1047 4050 1092 4097 aa
1107 4027 1163 4115 dir
1175 4026 1309 4122 geehret
1323 4023 1417 4117 feyn„
