4884 5042
1175 564 1286 660 (aa),

573 706 765 784 motabili:
778 706 860 778 ³·De
878 705 1037 802 reliquo,
1061 702 1239 775 ne'minem
1258 698 1448 776 eanostris'
1467 700 1648 778 'offendere
1666 703 1880 799 debent5ea

605 831 661 880 uae
679 806 808 879 author
825 803 888 878 sub
907 803 1015 876 finem
1034 798 1194 896 epistolar
1213 797 1344 891 refert,
1363 797 1406 872 de
1421 800 1692 895 preservatione
1705 803 1755 876 sui
1770 803 1878 900 ipsius
1896 803 1898 808 ’

578 830 622 976 ib
657 902 836 977 erroribus
871 902 907 974 dc
941 898 1196 973 communione
1222 895 1593 990 Carolstadianorum,
1628 901 1878 999 Zwinglianoa

577 1023 680 1093 rum,
714 999 1104 1094 Oecolampadiorum,
1140 993 1503 1090 sacramentariorum
1531 994 1603 1067 &c.
1639 1021 1726 1091 quos
1755 1002 1790 1071 in
1808 1024 1876 1070 nu·

577 1120 716 1169 merum
734 1097 886 1167 eundem
906 1117 987 1165 cum
1007 1090 1222 1165 turbonibus
1240 1090 1277 1164 δι
1298 1089 1539 1186 Anabaptistis
1557 1089 1726 1165 seditiosis
1745 1095 1880 1188 refert,

578 1189 866 1290 quandoquidem
885 1189 1069 1286 ejusmodi
1081 1186 1293 1284 praejudicia
1311 1187 1434 1260 multis
1453 1185 1567 1258 modis
1585 1209 1757 1281 regnent,
1783 1193 1821 1265 de
1838 1194 1880 1264 itt

579 1310 704 1365 eorum
729 1287 765 1361 ὅ(
784 1288 820 1358 in
839 1287 1077 1357 recentiorum
1097 1304 1299 1381 temporum
1319 1284 1478 1379 scriptis,
1506 1307 1590 1355 cum
1609 1286 1807 1358 recentiora
1824 1292 1880 1358 rai

578 1407 665 1456 men
688 1403 789 1455 tanto
807 1384 918 1479 magis
934 1380 1063 1478 justam
1084 1381 1143 1453 hic
1164 1402 1366 1454 mereantur
1383 1380 1586 1470 censuram,
1613 1377 1748 1475 quanto
1768 1383 1805 1455 ὃ(
1822 1384 1880 1455 in·

577 1479 736 1555 dicatum
755 1479 806 1552 est
820 1476 1291 1575 magis&demonstratum‚
1311 1480 1348 1549 in
1362 1475 1527 1572 ipsafidei
1540 1475 1696 1569 summa,
1716 1480 1880 1552 intereos

602 1579 640 1649 ui
659 1578 864 1649 Lutherum
876 1579 913 1649 &
924 1574 1148 1671 Zwinglium
1164 1575 1221 1646 vel
1232 1573 1555 1669 oecolampadium
1572 1573 1787 1670 sequuntur,
1806 1576 1877 1648 dis·

576 1601 713 1749 iensum
737 1674 805 1745 effe
829 1673 981 1744 nullum.
1025 1670 1312 1744 Carolostadium
1337 1691 1455 1744 autem
1473 1695 1516 1743 ne
1535 1671 1677 1767 quidem
1696 1671 1789 1745 ullos
1807 1671 1881 1745 suae

577 1768 764 1845 sententiae
790 1772 911 1866 privos
936 1767 1075 1842 asseclas
1093 1767 1291 1863 reliquisse,
1316 1789 1455 1842 certum
1475 1767 1548 1858 est,
1569 1787 1762 1863 atquenos
1781 1773 1878 1844 Ana·

575 1866 809 1964 baptistarum
843 1865 1004 1940 seditiosa
1028 1864 1245 1958 molimina,
1282 1865 1320 1940 ὅ(
1346 1866 1571 1956 abominari,
1606 1865 1643 1938 &
1669 1865 1884 1962 graviffrmis'

574 1961 742 2062 scriptis,
759 1987 882 2036 eorum
897 1965 992 2059 jam,
1012 1988 1096 2037 eum
1107 1982 1330 2066 errorestum
1340 1963 1527 2037 versutiam
1539 1961 1724 2035 denudaffe
1733 1987 1774 2036 ac
1783 1965 1840 2038 ref
1862 2006 1879 2025 ·

575 2059 661 2135 taffe
679 2060 843 2148 constat,
878 2079 919 2131 ut
937 2060 1147 2156 hujusmodi
1163 2060 1308 2132 nomina
1325 2061 1454 2134 nostris
1473 2058 1693 2154 temporibus
1711 2062 1880 2159 recitata,

575 2177 683 2257 atque
698 2159 741 2231 ad
760 2159 871 2232 ratim
891 2180 1003 2255 usque
1021 2154 1220 2248 inculcata,
1239 2155 1465 2230 solummodo
1481 2159 1649 2252 pervicax
1661 2156 1889 2254 prodantine¹

572 2254 720 2429 genium
730 2308 748 2348 ,
761 2275 868 2421 atnue
886 2255 1144 2350 malignitatem
1154 2255 1265 2327 animi
1283 2255 1327 2327 ab
1337 2255 1436 2329 omni
1448 2254 1787 2351 pace&c0ncordia
1797 2283 1883 2332 vere
1934 2275 1939 2286 '
1990 2315 1993 2319 -

605 2349 777 2433 ,hristiana
794 2376 814 2422 a
829 2354 913 2425 ieni.
937 2350 1025 2428 ,Sed
1044 2353 1124 2427 haec
1143 2353 1193 2423 ita
1210 2349 1244 2423 se
1262 2351 1423 2429 habene
1468 2417 1474 2424 .

579 2490 594 2507 .
623 2444 684 2527 En
700 2441 810 2538 ipsam
828 2442 920 2515 Tibi
938 2445 1285 2538 B.-L.··>Epistoiam.

579 2691 595 2725 ,·
636 2721 639 2726 ,
1145 2674 1182 2720 ar
1206 2627 1230 2675 ⁴
1254 2673 1277 2719 a
1878 2715 1880 2719 .
1949 2715 1967 2723 -

573 2738 757 2917 Infignis
782 2739 843 2814 ille
866 2735 1130 2838 depraedicator
1154 2737 1460 2836 indulgentiarum
1488 2741 1648 2814 Romani
1667 2746 1882 2848 Pontificis,

629 2839 925 2932 JOHANNES
949 2834 1155 2929 DEZEL,
1169 2837 1304 2909 ordinis
1314 2835 1664 2932 Dominicanotum‚
1682 2866 1747 2938 per
1755 2866 1882 2926 toturn·

572 2933 781 3032 biennium,
816 2939 852 3010 in
879 2928 973 3010 no'va
1001 2935 1060 3009 illa
1087 2936 1235 3010 civitate
1261 2934 1491 3031 Annaeberga
1514 2931 1741 3009 dementabat
1759 2965 1890 3039 popu„

540 3088 544 3096 .
572 3029 676 3125 lun,
695 3036 768 3124 ita,
791 3055 833 3106 ut
851 3033 1048 3131 persuasum
1067 3031 1152 3106 esset
1169 3032 1314 3107 tandem
1330 3026 1522 3124 omnibus,
1539 3031 1673 3106 nullam
1690 3034 1757 3108 effe
1774 3039 1889 3131 aliam„

571 3129 667 3205 viam
691 3128 929 3226 consequendi
957 3127 1453 3227 remiffionempeecaeorum
1481 3129 1519 3203 δε
1546 3131 1658 3205 vitam
1684 3154 1882 3234 aetemam,

571 3224 679 3326 quarn
704 3225 976 3300 satisfactionem
1001 3226 1199 3325 pernostra
1216 3250 1347 3325 opera,
1372 3249 1477 3324 quam
1496 3246 1616 3301 tamen
1634 3230 1791 3309 docebat
1808 3239 1879 3310 im·

570 3321 769 3422 poffibilem
794 3325 883 3418 effe,
917 3324 974 3397 sed
1002 3328 1093 3398 hane
1118 3325 1225 3399 solam
1252 3324 1380 3399 restare
1397 3325 1514 3416 viam,
1540 3324 1663 3400 fream
1682 3331 1880 3411 redimere·

570 3445 651 3497 mua
669 3425 823 3495 nummis
839 3448 860 3495 a
876 3426 1050 3495 Romano
1067 3422 1267 3516 Pontifice‚
1297 3424 1335 3497 ὃς
1355 3420 1403 3496 fic
1421 3447 1616 3498 emeremus
1635 3427 1739 3502 nobis
1755 3431 1877 3508 indul·

569 3521 707 3618 gentias
733 3523 897 3619 papales,
931 3545 1016 3619 quas
1034 3519 1229 3596 definiebat
1247 3518 1318 3594 effe
1334 3516 1819 3618 remiffiouempectatorum
1839 3533 1878 3608 de

570 3637 710 3690 eertum
738 3617 929 3717 ingressum
959 3620 1047 3690 vitae
1075 3638 1233 3692 aeternae.
1283 3617 1523 3716 stupenda&
1541 3642 1632 3715 pene
1651 3623 1880 3703 incredibilia

568 3713 704 3810 poffem
723 3740 903 3809 enarrare,
922 3739 1002 3815 quae
1023 3715 1095 3788 hoc
1113 3715 1260 3791 biennio
1278 3722 1374 3810 (nam
1419 3715 1558 3789 uotidie
1576 3721 1873 3813 concionabatur)
1948 3772 1951 3777 -

568 3810 753 3884 audierim.
797 3815 919 3910 Quem
948 3837 1019 3911 ego
1043 3813 1131 3887 adeo
1149 3834 1286 3888 attente
1301 3741 1511 3906 audiebam,
1535 3835 1578 3888 ut
1596 3814 1729 3913 pnffem
1748 3823 1876 3896 deinde

568 3905 644 3979 aliis
669 3911 825 4007 integras
850 3914 1064 4002 conciones,
1090 3911 1264 3984 imitando
1282 3915 1389 3986 etiam
1407 3910 1526 4010 gestus
1546 3915 1584 3987 &
1602 3919 1873 4010 pronunciatio·

569 4023 674 4110 netu,
716 4007 922 4101 denarrare,
964 4033 1037 4080 nott
1063 4007 1206 4104 quidem
1235 4009 1416 4102 ludendo,
1445 4009 1504 4083 sed
1529 4010 1629 4084 serio.
1672 4013 1878 4091 Credebam

570 4101 803 4193 entm,1haec
829 4105 970 4203 prorsus
990 4104 1222 4278 'effeeotacuss
1241 4107 1619 4210 uet‚.;&,·.quicquid
1636 4109 1770 4209 aPapa
1784 4116 1876 4208 mit·-
1955 4167 1960 4176 -

649 4234 654 4245 .
1254 4226 1269 4302 3
1818 4230 1876 4285 m„
