4884 5042
1174 592 1282 692 rsa-l

568 742 648 843 plus
666 761 786 820 tamen
804 736 990 816 credebam
1009 728 1262 810 sacerdotibus.
1307 728 1376 805 Sed
1394 729 1464 805 lroe
1483 757 1592 813 unum
1609 733 1872 829 admittebaar5

568 840 800 923 temiffionem
827 858 1059 935 peccatorum
1086 829 1270 926 impetrari
1295 851 1369 901 non
1394 828 1512 924 posse,
1538 856 1597 908 aut
1614 835 1870 912 numerandam

568 941 781 1039 pecuniam,
816 937 991 1024 maxime,
1025 932 1088 1030 qui
1113 926 1224 1003 effent
1251 949 1433 1024 pauperes.
1477 927 1574 1001 Mire
1597 958 1685 1031 ergo
1705 931 1871 1031 placebat

568 1036 722 1111 clausula
749 1038 784 1108 in
812 1033 883 1106 line
909 1030 1090 1104 literarum
1120 1032 1248 1122 l’apae,
1267 1026 1469 1120 pauperibus·
1483 1024 1601 1099 dentur
1613 1037 1724 1127 gratis
1735 1048 1878 1126 propter·

566 1135 694 1211 Deum.
721 1133 889 1226 Cumque
908 1126 990 1224 poll
1010 1125 1170 1199 triduum
1189 1122 1400 1219 deponenda
1415 1117 1499 1193 esset
1518 1120 1706 1197 solenniter
1722 1149 1811 1201 crux
1829 1128 1871 1203 δι

568 1227 763 1325 dejiciendi
781 1226 911 1321 gradus
929 1224 1027 1296 illi&
1039 1223 1139 1295 scalae
1158 1222 1201 1293 ad
1220 1219 1382 1310 coelum,
1400 1221 1628 1291 vehementer
1645 1243 1702 1292 me
1719 1222 1871 1318 urgebat

570 1325 749 1422 Spiritus,
783 1342 825 1394 ut
850 1322 981 1393 adirem
1009 1317 1309 1408 commissarium,
1343 1316 1566 1410 &peterem
1594 1317 1711 1390 literas
1736 1318 1811 1388 illas
1828 1318 1873 1392 de

568 1419 768 1496 remisfione
793 1439 1022 1518 peccatorum
1046 1418 1225 1516 gratuita,
1253 1439 1319 1512 pro
1342 1414 1575 1510 pauperibus,
1606 1415 1642 1487 &
1661 1411 1875 1582 aneslgm'
1984 1467 1988 1475 .

516 1573 520 1583 ι
569 1541 628 1595 me
646 1538 873 1616 peccatorem
891 1513 981 1605 else,
1009 1516 1046 1588 ὅ(
1065 1537 1256 1612 pauperem
1277 1511 1438 1609 indigere
1455 1511 1611 1607 gratuita
1629 1511 1718 1586 remi
1744 1510 1874 1601 rone&

570 1616 849 1727 'participatione
875 1612 1084 1685 meritorum
1114 1611 1273 1684 Christi:
1310 1609 1436 1681 Altera
1461 1609 1519 1680 die
1545 1609 1643 1682 circa
1667 1605 1879 1706 vesperum,

570 1735 610 1786 tu
627 1712 738 1786 domo
753 1712 900 1804 Joannis
918 1708 1065 1805 Pflogs,
1081 1708 1144 1781 ubi
1164 1732 1247 1781 curn
1268 1703 1523 1779 consessoribus
1535 1707 1571 1778 ὃ(
1582 1705 1875 1781 turbaeratDet«

572 1809 706 1903 aelius,
732 1809 803 1883 adii
823 1807 962 1880 turbam
981 1805 1100 1898 illam,
1127 1806 1164 1879 &
1184 1805 1346 1876 oratione
1364 1804 1470 1875 latina
1487 1804 1677 1899 precabar,
1702 1824 1770 1900 ut,
1790 1806 1878 1900 joa,

572 1924 611 1983 ta
628 1907 836 1981 mandatum
857 1907 892 1978 in
911 1904 1045 1995 literis,
1064 1904 1215 1977 daretur>
1226 1901 1316 1973 mihi
1334 1901 1481 1998 pauperi
1495 1903 1554 1996 Jus
1572 1901 1717 1998 petendi
1733 1901 1876 1976 ubsolam¹
1917 1933 1920 1939 ·

571 2004 710 2080 tionem
728 2029 749 2078 a
768 2006 925 2102 peccatis
944 2001 1110 2077 omnibus
1124 2007 1236 2100 gratis
1247 2016 1384 2169 prppter
1400 2000 1536 2090 Deum,
1552 1999 1657 2071 etiarn
1677 2001 1776 2073 nullo
1791 1998 1878 2076 casu·

569 2101 772 2195 reservato,
807 2103 845 2178 ἃ
873 2104 979 2200 hujus
1004 2099 1236 2174 concessionis
1255 2116 1290 2171 tc
1324 2097 1506 2170 imoniales
1522 2096 1640 2169 literas
1659 2098 1781 2193 Papae..
1816 2099 1879 2176 lbi-

568 2200 733 2275 udmirati
760 2199 958 2275 sacerdotes
985 2199 1186 2273 orationem
1214 2197 1382 2289 latinam,
1418 2195 1516 2291 quod
1544 2215 1632 2267 tunc
1657 2219 1774 2267 rarum
1800 2217 1876 2275 erat

569 2298 666 2392 apud
684 2321 837 2391 pueros,
861 2298 980 2371 subito
999 2299 1253 2396 ingrediuntur
1269 2319 1314 2367 ex
1334 2293 1557 2391 hypocausto
1575 2293 1694 2367 cubile
1711 2291 1754 2366 ad
1773 2317 1877 2367 com·

499 2396 502 2424 ³
568 2390 763 2465 miffarium
784 2395 1014 2483 Derzelium,
1040 2412 1251 2489 proponunt
1269 2393 1324 2486 ei,
1350 2390 1437 2489 quid
1457 2394 1587 2486 velim,
1605 2395 1712 2466 etiam
1733 2415 1800 2489 pro
1818 2415 1877 2477 me

574 2486 827 2576 intercedunt,
861 2507 905 2558 ut
930 2488 1029 2560 daret
1054 2490 1172 2559 literas
1184 2497 1307 2583 gratis.
1340 2489 1505 2565 Tandem
1524 2489 1606 2589 post
1625 2490 1771 2591 longam
1790 2504 1878 2562 com

570 2581 798 2658 saltationem
826 2582 997 2673 redeunt,
1032 2581 1301 2677 respondentes:
1337 2584 1398 2654 Mi
1416 2584 1491 2677 fili,
1517 2607 1614 2659 tuam
1633 2590 1883 2683 pernitionem

571 2680 765 2779 diligenter
786 2680 1035 2778 proposuimus
1056 2681 1220 2751 Domino
1237 2680 1496 2775 commissario,
1522 2684 1583 2779 qui
1602 2684 1758 2779 fatetur,
1783 2685 1816 2758 se
1835 2685 1878 2760 li·

570 2775 770 2852 bentiffime
804 2779 896 2852 velle
930 2778 1012 2850 dare
1038 2777 1160 2849 locum
1188 2777 1356 2874 petitioni
1384 2796 1482 2868 tuae,
1515 2777 1573 2851 sed
1597 2778 1631 2851 se
1657 2806 1730 2853 non
1757 2782 1884 2880 posse,

573 2875 710 2950 etiams
728 2874 868 2968 uellet,
905 2896 1023 2948 tamen
1051 2876 1110 2948 illa
1136 2871 1312 2955 concessio
1338 2871 1422 2946 essct
1449 2873 1537 2945 cassa
1564 2877 1601 2949 δε
1627 2878 1735 2951 nulla.
1779 2881 1887 2978 Quia.

573 2972 795 3073 figuificavit
821 2974 947 3066 nobis,
982 2975 1079 3072 quod
1108 2974 1164 3045 hae
1190 2974 1305 3046 literae
1332 2971 1480 3070 Papales
1506 2970 1685 3070 fignanter
1709 2976 1880 3054 haberent

570 3069 795 3167 expressum,
812 3095 873 3143 cos
891 3096 973 3142 vere
991 3073 1185 3170 capaces&
1201 3072 1395 3168 participes
1413 3068 1554 3143 futuros
1573 3070 1717 3145 istarum
1729 3074 1876 3173 largisli⁴

571 3190 709 3243 marum
736 3167 1062 3277 indulgentiarum,
1092 3169 1153 3265 qui
1173 3192 1316 3240 manum
1335 3170 1561 3267 porrigerent
1578 3170 1814 3266 adiutricem,
1840 3175 1877 3249 id
1986 3198 1988 3205 ’

570 3264 644 3357 est,
678 3264 739 3362 qui
758 3290 924 3339 nummos
943 3268 1078 3340 darem.
1121 3266 1190 3339 Sed
1212 3289 1283 3364 ego
1303 3287 1428 3338 contra
1446 3265 1685 3363 prostantibus
1704 3271 1816 3344 literis
1833 3274 1882 3346 ad·-

548 3446 550 3451 s
570 3365 689 3436 valvas
708 3365 834 3461 templi
854 3390 913 3436 eos
932 3365 1065 3458 docui,
1091 3363 1243 3436 eundem
1262 3361 1509 3438 sansliffimum
1531 3369 1659 3463 Papam
1678 3368 1877 3464 mandasse,

570 3479 609 3535 rrt
629 3464 829 3557 pauperibus
849 3470 960 3560 gratis
986 3465 1246 3538 condonarentur
1263 3480 1400 3558 propter
1416 3464 1552 3557 Deum,
1578 3466 1615 3538 δι
1633 3464 1702 3538 esse
1719 3466 1876 3566 adscrip-

571 3577 650 3632 tum
675 3562 722 3633 ad
745 3562 939 3633 mandatum
964 3562 1108 3635 Domini
1125 3561 1233 3656 Papae
1244 3566 1426 3656 proprium.
1471 3561 1607 3635 Iterum
1627 3564 1878 3660 ingrediuntur

570 3657 615 3729 ad
640 3655 916 3753 superbillimum
945 3658 1185 3748 monachum,
1221 3659 1259 3732 &
1286 3683 1368 3731 eum
1387 3678 1513 3750 orant,
1538 3679 1580 3759 pt
1599 3686 1688 3736 meae
1700 3666 1883 3760 petitioni

571 3775 764 3846 annueret,
799 3756 991 3853 quiessem
1019 3755 1222 3830 adolescens
1249 3757 1451 3854 ingeniosus
1478 3759 1516 3832 δε
1541 3757 1737 3852 facundus,
1770 3781 1886 3857 atque·
2008 3845 2011 3863 ι

571 3851 660 3924 adeo
688 3853 838 3950 dignus,
874 3856 910 3926 in
936 3878 1042 3952 quem
1070 3853 1203 3952 aliquid
1230 3853 1398 3927 beneficii
1416 3880 1491 3954 prae
1511 3860 1650 3931 caeteris
1668 3860 1885 3933 collocaret..

574 3945 644 4017 Sed
660 3950 809 4022 redeunt
826 3977 909 4024 cum
927 3953 1091 4049 responso
1110 3954 1154 4024 de
1169 3952 1481 4049 manuadiutrice,
1499 3954 1882 4054 quaesolaessercapaa

574 4040 892 4139 indulgentiarum.
927 4051 984 4123 Ibi
1003 4077 1089 4126 vero
1107 4053 1302 4150 egoetiam
1321 4051 1436 4147 insto,
1461 4054 1559 4152 quod
1577 4054 1704 4152 injurii·
1715 4052 1828 4129 essent
1841 4056 1885 4129 in
1961 4084 1963 4088 ·

573 4160 633 4211 rue
658 4162 874 4239 pauperem,
905 4168 1012 4242 quern
1036 4153 1077 4228 ’ἃς
1104 4151 1228 4244 Deus,
1253 4151 1486 4237 &Pontifex
1500 4150 1643 4229 nollent
1656 4152 1844 4230 exclusum
1857 4179 1888 4228 a.

1795 4275 1883 4352 gl*
