4884 5042
1167 568 1278 666 (η)

569 714 801 792 Cathatinatn
819 712 856 788 in
873 725 998 786 monte
1015 707 1135 804 Sinai,
1152 708 1196 782 ad
1216 711 1254 783 S.
1274 708 1518 806 michaelem,
1536 713 1580 790 ad
1590 710 1872 814 Aquisgtsnum,

566 809 600 889 F
604 820 744 907 uldam,
781 815 817 886 S.
845 810 1137 908 Wolfgangurn:
1167 825 1267 905 'quot
1292 808 1366 882 fere
1392 830 1555 901 montes,
1588 814 1716 908 valles,
1740 811 1850 910 sylvae

568 912 644 989 imo
673 916 708 986 δι
737 912 899 1003 arbores,
926 929 983 982 tot
1000 928 1100 979 erant
1119 909 1199 978 loca
1213 904 1258 977 ad
1276 928 1357 1002 quac
1376 909 1672 1005 peregrinandum
1691 930 1789 1003 erat,
1814 858 1892 984 tel·

568 1009 609 1083 ὃ(
636 1012 715 1083 baec
747 1008 908 1081 molestia
933 1029 1004 1077 aere
1029 1006 1155 1076 redimi
1178 1003 1312 1098 potuit.
1362 1006 1662 1102 Apportabantur
1685 1012 1723 1080 in
1747 1028 1874 1081 mone·

570 1106 719 1179 liena&
731 1106 775 1176 ad
791 1104 989 1177 sacerdotes
999 1103 1137 1174 nummi
1148 1102 1184 1174 ὅ(
1196 1100 1369 1197 pretiosa,
1386 1104 1553 1199 gallinae,
1569 1102 1721 1195 anseres,
1739 1124 1875 1201 mater,

567 1226 662 1293 ova,
696 1202 832 1294 linum„
862 1200 1048 1290 cannabis,
1075 1203 1271 1295 butyrum,
1299 1199 1401 1271 casei.
1453 1200 1551 1271 Dum
1570 1197 1793 1296 strepebant,
1817 1202 1874 1275 su·

488 1365 496 1388 ,
570 1299 724 1389 trabant,
743 1296 927 1370 fervebant
944 1299 1065 1368 omnia
1081 1320 1211 1388 cantu,
1237 1295 1339 1393 pulsu
1356 1320 1628 1396 campanarum,
1648 1296 1792 1390 suffitu,
1807 1298 1875 1368 ob·

570 1391 786 1468 lotionibus:
808 1419 855 1490 po
885 1394 954 1465 inae
972 1394 1257 1485 instruebantur,
1277 1394 1456 1490 largaque
1471 1396 1779 1492 compotationes:
1799 1392 1878 1466 suc·

571 1493 747 1566 cedebant
782 1494 840 1564 Mi
871 1516 930 1584 ae,
966 1491 1095 1586 quibus
1121 1496 1243 1565 omnia
1261 1489 1585 1565 confirmabantur.
1638 1491 1724 1566 Nec
1749 1516 1770 1563 a
1794 1489 1877 1563 libi·

569 1589 655 1662 dine
682 1591 719 1666 st
747 1587 913 1686 estupris
932 1587 1195 1661 abstinebatur:
1221 1586 1456 1661 confluebant
1475 1590 1699 1682 meretrices,
1726 1589 1763 1662 ὅ(
1781 1585 1878 1660 scor·
1999 1592 2008 1597 ”

573 1704 720 1759 tatores.
761 1688 944 1779 Schwester
961 1687 1106 1759 Hurlet'n
1124 1691 1191 1758 und
1207 1687 1329 1757 bruder
1346 1687 1489 1761 Bublein
1506 1689 1631 1760 blieben
1648 1688 1740 1758 nicht
1756 1685 1878 1780 suffen.

574 1775 770 1858 Peccatilla
782 1784 827 1855 id
846 1803 966 1876 erant,
991 1783 1213 1878 indulgentia
1233 1783 1426 1855 Pontificia
1444 1783 1548 1857 facile
1565 1783 1751 1881 expianda.
1796 1782 1881 1854 No·

574 1884 746 1953 raetiam
768 1880 943 1954 habebant
962 1884 1209 1971 Sacramenta,
1237 1879 1571 1973 confirmationem,
1597 1879 1804 1953 unctionem
1822 1876 1882 1951 seli

478 2036 483 2042 a
554 1979 743 2051 chrisma.
782 1977 955 2075 Episcopi
978 2002 1050 2050 nott
1069 1976 1400 2072 concionabantur,
1425 1978 1482 2051 sed
1502 1977 1754 2051 'consecrabant
1771 1974 1883 2048 sacer·

572 2075 732 2149 dotes&
754 2077 971 2166 monachos,
997 2099 1205 2169 campanas,
1232 2076 1388 2169 templa,
1412 2076 1603 2167 aediculas,
1623 2075 1882 2170 sacella,ima·

571 2177 696 2272 gines,
729 2171 865 2245 liba&
894 2170 1094 2267 placentas,
1138 2191 1369 2264 coerneterra,
1396 2174 1518 2244 omnia
1535 2172 1600 2243 ista
1617 2174 1714 2244 clero
1733 2196 1790 2244 ma
1818 2193 1883 2245 nos

574 2266 771 2342 afferebant
797 2270 942 2342 reditus.
985 2270 1167 2365 Reliquiae
1195 2274 1232 2340 in
1249 2293 1382 2364 magno
1400 2275 1519 2366 pretio
1539 2290 1659 2359 erant,
1685 2268 1778 2361 ossa,
1830 2293 1884 2341 ra·

574 2366 680 2450 chia,
706 2368 836 2458 pedes,
852 2366 964 2436 aureis
979 2368 1230 2463 argenteisque
1247 2365 1398 2463 capsulis
1417 2364 1572 2457 inclusa,
1590 2366 1700 2439 millae
1721 2389 1886 2461 tempore

575 2456 767 2529 osculanda
788 2459 1091 2557 porrigebantur,
1116 2487 1230 2552 neque
1249 2464 1286 2532 id
1305 2466 1435 2556 gratis:
1466 2463 1679 2555 Sandlorum
1699 2490 1786 2538 vero
1804 2466 1887 2537 illo·

576 2553 679 2644 tum,
706 2556 883 2723 guoriart,
909 2549 1002 2642 olla,
1028 2551 1208 2638 membra,
1226 2557 1347 2646 capilli
1366 2561 1701 2656 contrectabantur,
1721 2549 1887 2660 precibtls

576 2656 675 2750 epod
742 2668 824 2721 eum
847 2648 965 2745 juvari
992 2645 1026 2720 se
1050 2648 1253 2719 credebant.
1299 2648 1577 2724 Fraternitatum
1604 2660 1766 2732 infinitus
1794 2680 1886 2758 pene

575 2772 746 2823 >numerus
768 2768 868 2840 erat,
898 2746 1084 2819 hominum
1105 2745 1142 2817 in
1160 2743 1330 2818 factiones
1348 2751 1580 2842 coeuntium,
1609 2753 1645 2824 ἃ
1666 2754 1784 2850 Leges
1801 2781 1890 2831 con·

578 2845 834 2933 scribentium,
863 2846 899 2917 hi
917 2843 996 2918 suos
1016 2842 1192 2917 habebant
1210 2842 1429 2933 sacerdotes,
1448 2846 1590 2934 altaria,
1609 2848 1723 2938 aedes,
1743 2847 1888 2946 ceretis,

576 2942 773 3036 suffitoria,
808 2946 935 3036 ferias,
967 2943 1097 3040 quibus
1120 2942 1436 3039 congregabantur
1459 2942 1503 3014 ad
1529 2941 1643 3015 missas
1669 2945 1706 3015 dc
1732 2946 1889 3020 oblatio·

578 3065 640 3115 nes
673 3042 914 3115 sacerdotibus
939 3042 1141 3135 faciendas,
1181 3040 1398 3116 accedebant
1423 3041 1602 3114 redituum
1631 3041 1887 3140 fundationes,

552 3170 563 3222 ῃ
579 3139 664 3220 iliis¹
682 3155 827 3236 quoque
851 3139 939 3212 salus
957 3139 1228 3234 procurabatur.
1273 3141 1314 3210 ln
1331 3139 1545 3212 monasteria
1563 3141 1889 3236 recipiebantur]-

577 3232 656 3309 berl
674 3238 796 3310 invitis
815 3237 1043 3335 parentibus,
1068 3236 1261 3335 aliquando
1279 3238 1534 3336 &conjuges,
1552 3237 1697 3311 desertis
1714 3240 1814 3312 thori
1826 3239 1889 3314 le·

579 3336 658 3411 ciis.
707 3334 809 3409 Vota
842 3334 1036 3409 monastica
1068 3350 1190 3428 erant,
1235 3333 1461 3430 obedientia,
1495 3358 1703 3435 paupertas,
1736 3334 1891 3416 castitas.

581 3431 681 3510 Haec
707 3436 777 3506 toti
805 3431 950 3530 polironi
969 3433 1106 3510 Christi
1125 3430 1428 3532 praeferebantur,
1447 3438 1485 3508 dt
1505 3435 1651 3532 publice
1669 3431 1889 3529 predicabat

581 3549 662 3623 tur,
681 3529 863 3628 baptismo
882 3534 943 3606 illa
962 3531 1140 3629 praestare.
1169 3530 1277 3605 Miffa
1295 3534 1332 3606 ὃ(
1348 3536 1558 3606 communio
1576 3558 1595 3605 a
1613 3531 1811 3627 pastoribus
1829 3528 1889 3609 (Ψ

578 3628 724 3703 dinariis
742 3656 820 3703 raro
832 3626 954 3704 fiebat.
980 3631 1161 3723 Quotidie
1170 3633 1206 3702 in
1215 3629 1386 3725 urbibus,
1404 3635 1528 3731 pagis,
1545 3632 1709 3726 arcibus,
1727 3628 1890 3730 templis,

582 3725 716 3801 sacellis
743 3729 911 3825 plurimae
939 3729 1049 3801 millae
1075 3729 1372 3821 celebrabantur,
1414 3729 1619 3804 constitutis
1647 3731 1771 3804 barum
1789 3723 1891 3805 erola

579 3822 846 3916 sacerdotibus,
871 3829 910 3907 ,ὃς
930 3825 1084 3901 fundatis
1100 3828 1144 3900 ad
1162 3851 1222 3900 eos
1238 3826 1405 3918 alendos,
1431 3829 1621 3924 domibus,
1639 3832 1753 3925 agris,
1776 3829 1813 3901 ὃς
1833 3836 1889 3900 te·

583 3919 734 3995 ditibus.
775 3925 962 4022 Pleraque
985 3924 1097 3998 miffae
1123 3949 1193 4023 pro
1218 3930 1397 4015 mortuis,
1430 3929 1538 4010 etiam
1567 3929 1607 3998 iis
1633 3928 1693 4019 qui
1719 3943 1800 3996 ante
1824 3925 1911 4018 alis⁴

542 4030 543 4033 ’
584 4037 679 4109 quot
695 4019 812 4092 secula
829 4022 1064 4115 decesserant,
1094 4022 1249 4115 fiebant,
1275 4025 1418 4096 aderaut
1436 4028 1510 4099 vivi
1530 4028 1565 4099 bt
1585 4025 1629 4096 ad
1645 4023 1767 4093 altaria
1783 4040 1890 4096 num·

586 4134 666 4186 mos
698 4115 924 4217 wahart,
964 4122 1186 4199 sacerdotum
1196 4120 1411 4292 1gomnsodo
1435 4126 1615 4207 cedentes.
1656 4121 1778 4211 Testa
1802 4132 1889 4290 relre

587 4262 591 4267 ·
1261 4241 1283 4292 r.
1598 4264 1615 4281 κ
1814 4239 1890 4293 ce·
