4884 5042
577 610 647 697 276
789 587 1655 683 utsron1nevnnont11
1705 541 1876 692 naor]

626 711 686 785 Dc
707 712 943 795 Generalibus
962 718 1321 799 Conciliis&horum
1332 709 1573 803 authoritate,
1591 712 1662 782 ita:
1685 713 1731 805 (π)
1758 715 1877 807 „Ge-

576 856 604 901 „
626 808 760 883 ncralia
793 820 949 895 concilia
974 823 1093 898 nescio
1115 838 1160 886 an
1184 835 1225 882 α
1249 805 1406 905 intelligi
1431 807 1551 881 velitis
1575 829 1758 906 quatuor,
1793 837 1875 908 qua·

573 952 603 996 ,‚
654 904 771 983 uidam
797 918 944 995 tradunt
964 922 1062 995 Euan
1088 909 1146 983 elii
1165 905 1250 978 loco
1265 903 1387 977 haberi
1403 904 1556 998 debere,
1590 932 1636 978 an
1654 909 1799 981 omnia?
1836 912 1878 984 Si

574 1048 603 1094 ,‚
627 927 709 1097 iila,
733 1013 847 1090 nolim
868 1019 1030 1117 equidem
1041 939 1108 1080 itis
1119 1001 1314 1101 quicquam
1326 1001 1624 1096 uetuerimne,
1648 1028 1878 1104 quanquam,

573 1146 602 1191 n
628 1103 727 1197 quod
745 1116 915 1213 aqualem
934 1112 1000 1184 illis
1017 1103 1125 1175 fidem
1142 1100 1264 1174 haberi
1280 1099 1410 1172 volunt
1432 1121 1539 1198 atque
1558 1102 1783 1201 Evangelio,
1799 1103 1878 1177 nes·

575 1245 604 1289 ,‚
628 1200 688 1275 cio
710 1231 815 1305 quarn
844 1215 938 1306 pium
966 1201 1038 1271 lit:
1072 1196 1230 1272 viderint
1256 1200 1314 1291 hi,
1345 1200 1407 1295 qui
1438 1199 1509 1272 hoc
1531 1202 1785 1297 pronunciant.
1837 1204 1879 1277 Si

573 1345 603 1389 „
629 1307 771 1398 omnia,
786 1305 917 1398 rogabo
934 1320 1021 1388 vos,
1036 1320 1123 1370 num
1142 1296 1311 1370 omnibus
1329 1295 1441 1370 fidem
1460 1294 1587 1370 servari
1606 1296 1736 1371 debere
1748 1300 1880 1375 sentia-

574 1444 603 1488 „
629 1400 706 1495 tis,
737 1399 972 1488 inviolataque
995 1394 1204 1468 custodiri?
1245 1393 1360 1492 Qtod
1386 1392 1412 1466 si
1436 1393 1626 1468 dixeritis:
1661 1395 1810 1471 obsecro
1834 1419 1879 1474 ut

573 1544 603 1588 „
627 1494 716 1568 hanc
740 1487 1015 1565 controversiam
1042 1493 1255 1592 explicetis,
1288 1492 1379 1567 utris
1405 1516 1451 1566 ne
1467 1492 1708 1569 accedendum
1733 1495 1801 1590 fit,
1833 1498 1878 1571 iis

572 1610 603 1688 ,’,
626 1614 690 1679 ne,
715 1585 798 1680 qui,
823 1607 864 1658 ut
882 1587 1033 1665 habetur
1050 1591 1130 1665 dist.
1146 1615 1205 1690 25.
1221 1603 1282 1668 26.
1301 1592 1340 1666 &
1357 1588 1415 1665 28.
1433 1617 1475 1665 ac
1496 1616 1554 1682 29·
1582 1589 1801 1687 statuerunt,
1833 1615 1877 1670 ut

571 1736 600 1786 „
624 1678 824 1791 Episcopus
841 1684 885 1758 fit
902 1690 1006 1764 unius
1024 1693 1146 1766 uxoris
1165 1693 1335 1784 maritus,
1352 1715 1396 1762 an
1411 1690 1477 1785 iis,
1494 1693 1557 1790 qui
1576 1693 1718 1790 nuptias
1737 1692 1877 1765 daemo·

568 1830 597 1878 „
621 1798 762 1851 motum
788 1781 958 1862 instindtu
983 1791 1133 1865 vetant?
1168 1791 1307 1864 Nonne
1329 1789 1391 1861 hic
1409 1787 1453 1860 ad
1472 1791 1695 1887 Scripturam
1715 1814 1877 1867 recurre·

565 1925 594 1972 ,‚
617 1892 655 1979 f?
675 1881 924 1981 oportebitt„
957 1889 1008 1963 Et
1027 1888 1216 1988 deinceps,
1237 1887 1359 1985 paucis
1378 1886 1594 1982 interjectis:
1618 1884 1670 1978 (b)
1697 1939 1724 1979 „
1737 1890 1877 1963 Conci·

564 2019 594 2066 „
618 1963 667 2081 ¹¹³.
688 1974 820 2075 igitur,
854 2009 1081 2094 quaecunque
1104 1986 1270 2074 tandem,
1302 1981 1484 2051 fidivinae
1512 1982 1584 2077 legi
1612 1980 1694 2054 sunt
1722 1986 1872 2058 confor-

562 2115 592 2161 ,‚
618 2088 712 2163 tnta,
746 2079 824 2172 quis
850 2103 923 2148 non
946 2080 1137 2173 suscipiet?
1171 2079 1387 2180 Quanquam
1412 2073 1543 2147 rectius
1561 2075 1650 2148 mihi
1665 2077 1795 2151 sentire
1812 2086 1870 2155 vi·

562 2213 593 2263 „
617 2163 772 2262 dentur,
798 2173 861 2267 qui
879 2173 941 2244 hic
959 2172 1105 2245 dicunt:
1127 2172 1166 2244 Si
1183 2168 1351 2243 Concilia
1366 2165 1500 2243 divinae
1516 2172 1613 2270 Legi
1631 2171 1872 2248 suntconfor-

562 2312 592 2358 ‚‚
617 2264 716 2358 mio,
771 2266 832 2341 uid
857 2295 948 2368 opus
976 2268 1042 2364 fit,
1076 2269 1125 2342 eis
1147 2287 1338 2364 acceptum
1367 2264 1479 2360 ferre,
1514 2269 1551 2341 id
1574 2269 1673 2366 quod
1698 2271 1870 2344 retraeta-

563 2411 593 2456 „
618 2386 703 2441 runt
718 2292 854 2463 solum,
878 2395 920 2443 ac
940 2393 1013 2442 non
1025 2369 1146 2466 potius
1165 2365 1231 2463 rpsr
1252 2365 1451 2534 Scrinturae
1470 2366 1634 2461 Sanctae,
1668 2393 1750 2465 quae
1770 2368 1872 2443 testi·

563 2465 779 2554 „monium
810 2470 923 2568 majus
946 2466 1075 2548 habet,
1102 2469 1209 2563 juxta
1226 2463 1317 2537 Chri
1352 2464 1554 2538 iverbum:
1592 2466 1693 2539 Nam
1710 2466 1874 2541 testimo·
1968 2477 1972 2483 '

564 2610 594 2654 „
618 2561 717 2637 nium
747 2564 819 2639 Dei
843 2569 955 2666 majus
979 2565 1031 2641 est
1054 2565 1243 2638 hominum
1271 2558 1514 2659 testimonio,
1547 2583 1589 2637 ut
1614 2566 1673 2639 cui
1695 2566 1871 2658 Johannis

563 2709 593 2756 ‚,
614 2658 787 2761 Baptistae
813 2689 956 2765 quoque
971 2663 1216 2739 testimonium
1235 2659 1361 2753 cedat,
1390 2660 1478 2752 Joh.
1498 2688 1535 2734 v.
1563 2662 1603 2736 Si
1617 2688 1705 2737 vero
1721 2685 1872 2760 contra,

564 2758 751 2856 „divinae
780 2762 811 2836 le
841 2766 851 2837 i
878 2763 1096 2856 reclament,
1129 2760 1208 2860 quis
1235 2783 1309 2831 non
1334 2780 1422 2831 mox
1440 2758 1476 2832 id
1496 2760 1749 2859 Apostolicum
1769 2768 1872 2863 inge·

565 2909 594 2957 „
617 2859 699 2937 ret?
725 2787 887 2938 Obedire
904 2883 1051 2962 oportet
1070 2862 1154 2933 Deo
1173 2858 1286 2957 magis
1305 2881 1411 2956 quam
1428 2858 1657 2934 hominibus:
1677 2915 1705 2955 ‚,
1740 2863 1800 2935 De
1821 2862 1872 2933 Vi

565 2978 685 3033 autem
721 2980 868 3034 externa
897 2981 1004 3058 atque
1034 2958 1202 3031 violentis
1237 2954 1449 3051 religionem
1475 2958 1680 3032 inculcandi
1704 2960 1871 3033 remediis

563 3074 728 3148 quaenam
746 3056 995 3127 Reformatori
1014 3051 1135 3123 nostro
1146 3049 1413 3135 haeseritmens,
1429 3074 1529 3153 patet
1537 3080 1582 3129 ex
1592 3057 1646 3131 his
1656 3056 1793 3132 verbis:
1815 3058 1866 3146 (c)

567 3196 596 3239 „
623 3149 692 3221 Sed
720 3149 889 3245 quoniam
916 3150 953 3220 in
979 3150 1074 3221 hunc
1101 3148 1222 3223 locum
1244 3149 1341 3224 Luc.
1361 3175 1443 3226 xiv.
1477 3155 1690 3249 incidimus,
1717 3156 1776 3229 cui
1796 3159 1872 3229 vim

564 3293 594 3338 „
620 3244 761 3340 quidam
786 3242 945 3340 faciunt,
980 3246 1159 3321 dicentes:
1196 3248 1255 3320 En
1280 3247 1468 3326 Christum
1487 3252 1697 3342 dicentem,
1736 3253 1871 3342 compel-

565 3393 594 3438 „
617 3343 648 3412 le
671 3347 815 3415 intrare:
849 3342 961 3444 igitur
986 3347 1047 3438 vi,
1081 3346 1307 3445 imperioque
1321 3350 1508 3447 premendi
1524 3348 1604 3422 sunt
1620 3346 1870 3440 immorigeri,

564 3491 594 3536 „
619 3437 786 3514 volumus
810 3464 891 3517 eum
921 3469 987 3545 pro
1010 3445 1103 3519 virili
1121 3465 1310 3530 excutere,
1334 3469 1390 3518 ‘ne
1408 3471 1453 3519 co
1469 3465 1645 3544 perpetuo
1661 3442 1867 3517 abutantur.

565 3590 593 3634 „
615 3544 769 3610 Primum
798 3543 936 3641 itaque,
973 3544 1134 3616 videmus
1163 3541 1301 3614 servum
1328 3545 1390 3642 qui
1406 3543 1607 3616 adcoenam
1627 3538 1869 3636 compellebat

563 3687 592 3735 „
616 3632 729 3709 solum
749 3639 817 3711 effe
835 3640 997 3712 millum:
1032 3636 1093 3734 qui
1112 3656 1230 3709 autem
1249 3636 1327 3711 fieri
1346 3639 1537 3738 potuiffet‚
1571 3655 1612 3708 ut
1631 3660 1722 3708 unus
1740 3663 1866 3711 nume—

564 3732 730 3832 „rosam
758 3735 1027 3810 multitudinem
1054 3754 1224 3835 cogeret,
1261 3735 1340 3810 fiid
1358 3740 1416 3829 vi,
1449 3732 1708 3834 imperioseque
1725 3756 1867 3809 tentan-

564 3887 592 3931 „
617 3836 704 3912 dum
721 3855 818 3930 erat,
841 3854 881 3910 ut
899 3832 971 3908 istis
993 3832 1135 3935 placet?
1165 3832 1319 3931 Deinde,
1344 3858 1452 3910 nemo
1471 3828 1645 3908 violentia
1658 3834 1786 3906 nititur
1801 3835 1865 3904 ali·

603 4031 652 4112 (a)
674 4027 888 4099 ZWINGL.
912 4035 935 4097 1.
952 4050 981 4097 e.
1002 4032 1059 4098 sol.
1080 4044 1149 4179 133.
1170 4047 1200 4096 t.
1708 3986 1736 4029 ’³
1761 3955 1868 4031 quem

605 4115 653 4198 (b)
677 4112 890 4185 ZWlNGL.
914 4121 935 4182 Ι.
951 4134 981 4181 c.
1003 4115 1060 4181 fol.
1079 4131 1115 4197 13
1140 4131 1197 4178 .n.

604 4204 655 4285 (c)
677 4197 890 4274 zwtutit..
911 4204 934 4271 1.
950 4218 979 4270 c.
1001 4198 1061 4268 fol.
1080 4215 1151 4282 14¹·
1172 4215 1201 4263 a
