4884 5042
617 560 686 640 aas
838 504 1222 634 ursroxrn
1274 552 1707 632 Evaunum

618 677 831 771 Austriaco,
865 674 1014 770 Johanae
1038 677 1309 772 Pirclhaymero,
1343 676 1387 750 ab
1406 677 1550 749 ineunte
1570 696 1676 750 aetate
1692 677 1860 753 omnibus
1873 680 1930 754 in·

529 820 530 824 =
621 777 773 851 struslus
796 794 870 849 erat
896 774 1009 847 literis
1034 776 1260 846 nobilitatem
1287 775 1426 872 generis
1455 775 1494 847 ὃ(
1511 775 1720 849 decentibus
1738 776 1776 851 &
1792 778 1930 852 conde-

622 874 851 965 corantibus,
884 870 934 943 ita
958 891 1099 962 tamen,
1132 891 1174 944 ut
1196 872 1407 970 cumprimis
1433 870 1573 944 militiae
1597 869 1632 942 se
1647 872 1752 967 dare,
1789 876 1827 951 &
1843 877 1931 950 arti·

622 974 690 1048 bus
721 973 754 1046 se
786 966 990 1044 consecrare
1015 967 1153 1041 bellicis
1189 970 1348 1042 animum
1376 968 1586 1062 induceret,
1620 968 1780 1044 addidtus
1805 973 1933 1048 advers

620 1070 676 1144 sus
702 1067 894 1142 Gallorum
913 1067 1058 1163 Regem
1078 1067 1334 1140 Maximiliano
1350 1066 1592 1163 Imperatori,
1623 1088 1732 1168 atque
1749 1068 1931 1146 Libertati

624 1164 835 1243 Germanici
861 1163 1009 1261 Imperii
1026 1163 1121 1235 suam
1141 1164 1329 1264 praecipue
1348 1163 1529 1238 locaturus
1544 1188 1703 1262 operam.
1750 1167 1931 1244 [Enimve-

621 1265 665 1340 rb
687 1265 715 1337 is
743 1285 817 1336 non
843 1259 907 1332 diu
926 1262 986 1332 has
1003 1284 1087 1333 cum
1104 1261 1191 1337 effet
1203 1261 1345 1337 secutus
1364 1281 1475 1356 artes,
1508 1261 1552 1336 ab
1568 1263 1634 1357 iis,
1669 1264 1930 1364 prudentissimi

619 1364 734 1439 Patris
758 1356 936 1450 confilio,
961 1357 1095 1433 alienus
1116 1359 1169 1433 est
1182 1359 1319 1454 fastus,
1350 1361 1455 1458 seque
1472 1358 1516 1434 ad
1532 1360 1769 1436 mansuetiora
1785 1364 1929 1440 Litera·

618 1485 699 1537 rum
726 1457 855 1533 Studia
879 1455 1034 1555 penitius
1062 1460 1304 1556 pernoscenda
1326 1459 1486 1571 recepit,
1509 1477 1700 1559 tantosque
1722 1461 1761 1535 in
1783 1463 1825 1536 iis
1841 1488 1930 1562 pro·

619 1556 755 1659 gressus
781 1554 870 1630 fecit
894 1572 938 1627 ut
957 1553 1255 1656 brevitempore
1269 1556 1304 1631 se
1320 1556 1489 1632 omnibus
1504 1557 1569 1652 iis,
1600 1581 1682 1657 quae
1695 1557 1937 1650 Jureconsulm

621 1675 701 1731 tum
725 1674 832 1753 atque
852 1651 965 1751 Legis
991 1652 1195 1730 Dos'torem
1221 1677 1428 1750 exornant,
1460 1657 1649 1730 excultum
1667 1657 1835 1755 videret,
1874 1679 1932 1735 at·

623 1780 694 1854 que
717 1752 951 1827 informatum
976 1751 1170 1848 dodtrinis,
1203 1779 1311 1854 quem
1338 1755 1377 1830 in
1396 1753 1505 1827 finem
1522 1780 1606 1828 cum
1626 1757 1834 1832 Patavinam
1852 1779 1932 1832 tum

622 1850 854 1943 Ticinensem
892 1847 980 1922 adiit
1014 1851 1255 1947 Academias,
1288 1853 1411 1951 ibique
1443 1850 1635 1948 praeclaros
1672 1855 1812 1926 audivit
1829 1856 1930 1944 Juris

622 1949 828 2042 Doctores,
861 1964 969 2044 atque
995 1973 1079 2023 cum
1104 1951 1147 2024 iis
1162 1951 1358 2025 amicitiam
1378 1949 1511 2047 pariter
1528 1947 1710 2021 contraxit
1725 1972 1767 2021 ac
1781 1950 1931 2022 familia·

622 2050 780 2123 ritatem.
832 2045 1050 2146 Quanquam
1080 2047 1206 2122 deince
1232 2075 1271 2141 s,
1295 2047 1348 2119 sui
1372 2069 1458 2117 curn
1483 2043 1596 2117 fastus
1610 2042 1697 2118 esset
1711 2045 1823 2144 Juris,
1854 2071 1930 2120 non

618 2142 944 2244 Jurisprudentiam
978 2143 1093 2218 solum
1111 2199 1137 2238 ,a
1163 2075 1232 2217 sed
1250 2145 1289 2217 &
1313 2142 1464 2224 Graecas
1491 2141 1702 2240 cumprimis
1727 2145 1931 2219 excoluerit

624 2244 789 2334 Literas,
820 2241 1006 2340 quinimo
1030 2244 1137 2317 etiam
1165 2239 1409 2339 Theologiae,
1446 2237 1627 2333 Mathefi,
1662 2239 1856 2338 Historiis,
1891 2244 1932 2319 bt

647 2342 721 2419 uod
737 2341 789 2417 est
807 2338 1023 2435 mirabilius,
1040 2342 1148 2414 etiam
1169 2338 1369 2412 Medicina
1386 2338 1526 2413 dederit
1540 2362 1710 2438 operam,
1726 2361 1769 2416 ut
1784 2341 1875 2414 nihil
1893 2342 1932 2414 in

621 2369 848 2519 scientiarum
866 2437 1005 2512 circulo
1021 2436 1088 2536 ipsr
1108 2433 1267 2511 clausum
1285 2457 1445 2511 maneret
1459 2437 1567 2538 atque
1583 2434 1734 2512 testum.
1794 2441 1930 2514 Hono·

623 2566 701 2637 res,
731 2555 865 2616 tantam
883 2537 1143 2629 cruditionem,
1168 2536 1351 2635 animique
1365 2536 1596 2611 virtutem&
1613 2535 1701 2610 vitae
1718 2536 1835 2637 probe
1853 2538 1932 2611 cul·

623 2659 673 2715 tae
696 2637 927 2739 sapientiam,
962 2633 1078 2733 presso
1104 2632 1196 2734 pede
1212 2632 1461 2734 sequebantur.
1512 2632 1713 2710 Enimverb
1732 2638 1816 2709 cum
1835 2636 1934 2735 prius

625 2739 716 2815 aulae
735 2734 956 2837 splendorem
976 2733 1146 2833 praeferre
1162 2732 1347 2808 videretur
1361 2731 1571 2828 sibbaldus,
1595 2753 1672 2806 tum
1691 2732 1781 2809 verb
1798 2736 1935 2831 Patris,

625 2839 742 2915 aulam
762 2831 904 2937 fortasse
922 2832 1065 2933 pertaesi
1084 2833 1249 2928 monitu,
1280 2831 1314 2905 se
1328 2833 1461 2907 Patriae
1480 2835 1603 2933 potius
1621 2831 1798 2930 restituit,
1825 2858 1936 2935 quan-

628 2937 677 3013 do
700 2940 776 3036 jam
804 2954 943 3007 mature
960 2930 1040 3009 satis
1057 2933 1101 3008 ad
1119 2934 1233 3033 Reip.
1252 2933 1383 3006 Patriae
1406 2929 1688 3098 Noribquenfis
1705 2934 1935 3028 gubernacu-

591 3032 594 3039 ’
627 3038 662 3111 la
685 3033 838 3110 eundem
857 3032 1097 3109 admoverunt
1113 3031 1241 3128 reliqui
1259 3031 1453 3119 Proceres,
1487 3053 1557 3101 cun
1584 3048 1712 3122 emque
1727 3029 1766 3095 in
1783 3029 1936 3097 Senato-

627 3159 707 3209 rum
734 3131 961 3215 adsciverunt
988 3130 1174 3218 ordinem,
1205 3128 1401 3222 cujusnon
1416 3124 1575 3224 unquam
1594 3120 1693 3196 certe
1710 3123 1859 3196 concilii
1875 3144 1936 3193 eos

628 3233 828 3337 ptenituit3
863 3229 953 3300 Erat
975 3223 1070 3295 enim
1097 3217 1264 3323 spestatae
1284 3222 1357 3296 Vir
1373 3221 1586 3322 probitatis,
1617 3220 1819 3330 prudentiae
1836 3221 1937 3290 dein·

628 3358 713 3432 ceps
741 3323 1058 3427 singularisatque
1082 3317 1284 3421 diligentiae
1304 3321 1341 3394 in
1359 3314 1763 3416 administrandas-rebus
1783 3314 1939 3389 incredi-

558 3443 560 3447 ‘
628 3433 732 3524 bilis,
764 3417 925 3517 undet&
951 3416 1055 3491 variis
1082 3419 1119 3493 in
1134 3416 1375 3520 legationibus
1391 3415 1449 3509 vel
1465 3415 1508 3488 ad
1526 3417 1809 3511 imperatorem,
1841 3415 1938 3511 apud

629 3549 734 3627 quem
761 3520 799 3591 in
824 3504 961 3589 honore
987 3517 1016 3590 is
1041 3537 1116 3591 erat
1140 3536 1248 3608 atque
1262 3510 1518 3603 aestimatione,
1552 3511 1609 3583 vel
1627 3510 1670 3583 ad
1689 3509 1775 3582 alios
1792 3513 1933 3586 Princi-

627 3647 718 3722 pes,
751 3631 867 3710 partes
892 3612 965 3685 ..fibi
997 3609 1198 3684 commissas
1236 3632 1278 3680 ac
1313 3607 1459 3678 traditas
1484 3606 1625 3680 strenue
1653 3606 1936 3703 administravit,

629 3732 868 3810 magnamque
888 3706 949 3779 seu
973 3708 1069 3804 pacis
1094 3707 1152 3780 seu
1178 3704 1265 3778 belli
1284 3723 1449 3799 tempore
1467 3704 1549 3779 inde
1565 3707 1766 3805 reportavit
1781 3708 1936 3780 laudem.

631 3816 772 3885 interea
788 3818 929 3900 tamen,
944 3829 1017 3878 non
1034 3806 1082 3881 ita
1091 3801 1209 3880 multb
1219 3800 1322 3904 post,
1340 3800 1551 3900 reipublicae
1562 3806 1939 3904 negociorumquevel
2025 3879 2028 3884 .

629 3903 799 4012 pertaesus
825 3904 882 3977 vel
906 3904 1127 4005 impatiens,
1160 3923 1267 4000 atque
1292 3901 1330 3976 in
1356 3901 1563 3976 Literarum
1591 3903 1718 3979 Studia
1741 3905 1937 4001 proclivis,

626 4006 733 4091 millis
756 4002 961 4103 muneribus
989 4006 1143 4102 publicis
1169 4002 1248 4076 otio
1276 3996 1311 4076 se
1338 4018 1459 4075 totum
1485 4021 1593 4099 atque
1618 4002 1767 4101 privatis
1788 4003 1937 4077 tradidit

626 4092 807 4208 'studiis‚,'‹
823 4120 938 4204 utque
953 4090 1196 4187 -cun‘mufis
1221 4098 1410 4201 precipue
1437 4100 1581 4179 Graecis
1605 4103 1645 4177 in
1669 4102 1823 4203 gratiam
1849 4102 1942 4174 redi·

686 4214 756 4279 .,··ζ’
905 4233 978 4284 .’·,,ῑ
1064 4264 1070 4275 .
1191 4234 1194 4241 ·
1865 4216 1941 4292 set,
