4884 5042
868 613 1629 689 RwssNovn'rlff
1806 641 1851 714 Π

509 783 515 789 -
548 730 626 804 stoli
654 762 794 827 prasus,
829 733 848 806 i
875 736 956 806 Deo
984 733 1027 804 ad
1049 733 1081 806 se
1108 732 1272 823 missum,
1308 734 1472 807 omnibus
1500 736 1657 807 cinciurn
1690 733 1849 826 sanetis,

547 833 609 926 qui
629 831 731 904 testes
749 830 881 924 essent,
904 831 1035 902 nullam
1058 829 1188 902 subesse
1207 830 1391 922 fraudem,
1424 832 1480 902 scd
1502 831 1848 905 Monacliumillum

544 952 627 1000 vere
648 930 719 1000 Dei
739 930 897 1026 legatum
917 929 996 1000 csse.
1049 927 1207 1000 Volebat
1228 928 1286 999 ille
1307 929 1533 1020 Monachus,
1563 929 1764 1002 libertatem
1785 925 1849 1000 libi

545 1023 589 1096 ab
617 1025 784 1098 Eleslore
810 1027 992 1123 permitti,
1027 1025 1154 1122 templi
1178 1026 1266 1098 arcis
1287 1023 1573 1123 Witebergensrs
1589 1029 1707 1123 januae
1728 1025 1849 1098 inscri-

544 1121 662 1198 bendi.
716 1124 793 1194 Hic
812 1149 875 1220 per
892 1123 1155 1197 Cancellarium
1174 1120 1375 1220 respondit,
1401 1120 1513 1218 perse
1532 1123 1659 1212 licere,
1685 1142 1728 1193 ut
1745 1124 1849 1217 quic·

546 1221 632 1316 quid
666 1221 764 1292 Deus
798 1219 864 1318 ipsi
896 1221 1146 1314 mandaverit,
1187 1218 1394 1317 perscribat.
1452 1217 1543 1311 Quo
1578 1220 1702 1292 audito
1731 1219 1848 1290 statim

543 1316 632 1388 abiit
656 1318 862 1399 Monachus,
894 1343 934 1391 ac
960 1337 1032 1391 tam
1057 1317 1251 1416 grandibus
1269 1318 1346 1390 usus
1364 1317 1472 1388 literis
1491 1315 1650 1410 scripsit,
1680 1334 1721 1386 ut
1737 1316 1848 1410 scrip·

543 1431 659 1487 turam
686 1417 775 1488 hanc
800 1418 906 1489 etiam
935 1415 1129 1489 Sweidnici
1159 1416 1273 1512 (quod
1292 1415 1467 1512 oppidum
1487 1436 1511 1507 4
1531 1412 1740 1485 milliaribus
1759 1413 1848 1483 Wi-

543 1511 690 1608 teberga
711 1512 832 1596 distat)
863 1511 1010 1585 Ele&or
1036 1512 1281 1607 cognosceret.
1332 1511 1513 1583 Urebatur
1538 1511 1632 1582 enim
1653 1508 1849 1582 monachus
1952 1573 1954 1577 .

543 1626 654 1678 tantae
679 1607 934 1701 magnitudinis
958 1631 1000 1677 ac
1024 1606 1262 1704 longitudinis
1287 1607 1446 1701 calam0,
1479 1627 1522 1680 ut
1548 1610 1576 1682 is
1601 1615 1851 1700 Romanamque

545 1703 787 1797 pertingeret,
821 1727 863 1775 ae
888 1727 952 1800 per
965 1707 1082 1775 Leonis
1107 1704 1292 1802 cujusdam
1320 1726 1508 1804 utramque
1525 1704 1762 1778 transadadtus
1785 1727 1849 1776 au·
1906 1773 1909 1778 .

471 1851 473 1855 ,
542 1821 642 1889 rem,
678 1797 785 1895 ipsius
803 1803 899 1897 Papa
914 1806 1115 1897 triplicatam
1132 1827 1277 1873 coronans
1294 1801 1436 1895 feriret,
1469 1827 1511 1876 ac
1528 1821 1600 1875 tam
1619 1802 1849 1876 vehementer

544 1892 696 1989 feriret,
733 1917 771 1968 ut
801 1919 932 1970 nataret
965 1903 1027 1970 illa
1049 1902 1197 1998 jamjam
1223 1901 1322 1972 humi
1345 1897 1559 1998 prolapsura.
1611 1901 1700 1996 Qto
1729 1897 1848 1992 sablo,

542 1989 682 2066 strenue
715 1996 875 2070 occurrit
902 1996 1079 2091 Eleslor,
1119 2020 1295 2070 unacum
1322 1996 1431 2072 fratre
1452 1999 1643 2092 Johanne,
1676 2019 1848 2072 coronam

543 2089 663 2181 illam,
687 2117 732 2166 ne
746 2090 950 2189 decideret,
975 2094 1241 2170 sustentaturus.
1294 2097 1395 2170 Inter
1410 2096 1490 2170 haec
1504 2115 1623 2170 tantus
1641 2096 1848 2195 Principem
1879 2133 1882 2138 ·
1909 2116 1914 2123 ’

541 2187 734 2264 incessebat
754 2211 899 2286 terror,
931 2213 973 2266 ut
998 2192 1222 2291 evigilaret,
1251 2196 1359 2269 Brevi
1386 2214 1504 2268 tamen
1530 2195 1661 2269 iterum
1685 2190 1846 2292 sopitus,

541 2285 657 2361 rursus
684 2289 776 2364 vidit
793 2289 986 2386 scribentem
1005 2291 1108 2364 illum
1127 2293 1333 2379 monachum,
1363 2296 1555 2381 aeleram,
1588 2292 1634 2365 de
1649 2316 1722 2390 quo
1736 2286 1848 2363 modo

544 2383 722 2476 diximus,
751 2390 888 2462 audivit
902 2407 974 2462 tarn
997 2389 1183 2463 horribiles
1200 2392 1365 2466 edentem
1384 2391 1550 2489 rugitus,
1582 2408 1625 2464 ut
1641 2413 1715 2463 non
1731 2386 1850 2462 omnis

544 2474 660 2549 solum
685 2479 809 2551 Roma
833 2485 1056 2577 conflueret,
1089 2487 1147 2560 sed
1172 2489 1320 2585 Imperii
1339 2512 1412 2584 quo
1439 2511 1483 2561 ue
1498 2488 1848 2569 Romano-Germa-

545 2573 619 2648 nici
640 2574 796 2649 Ordines
812 2598 1087 2651 concurrerent:
1114 2582 1157 2651 ad
1174 2608 1264 2677 quos
1282 2513 1608 2684 conversus‘Papa,
1627 2587 1799 2683 majorem
1810 2583 1849 2650 in

462 2732 466 2742 .
545 2672 696 2747 modum
722 2674 859 2774 petiit,
901 2692 943 2746 ut
966 2674 1203 2748 temeritatem
1228 2677 1334 2772 hujus
1360 2677 1531 2751 cucullati
1558 2683 1776 2767 coerceant,
1808 2699 1850 2748 ac

547 2767 768 2864 potiffimum
794 2775 939 2846 Saxonia
960 2772 1142 2845 Eretroraa
1159 2791 1348 2863 moneant,
1383 2772 1419 2842 in
1434 2775 1535 2880 cujus
1553 2776 1688 2870 quippe
1702 2773 1851 2939 regione

546 2862 706 2939 versetur
731 2866 794 2940 ille
815 2869 998 2942 monachus.
1048 2871 1137 2943 Hoc
1162 2892 1308 2968 quoque
1331 2864 1471 2938 sommo
1491 2867 1665 2961 excusso,
1699 2866 1736 2940 fu
1754 2893 1782 2940 rs
1806 2867 1851 2940 ad

547 2962 671 3036 Deum
701 2965 900 3074 precibus,
943 2969 1089 3039 tertium
1126 2964 1350 3039 obdormivit
1376 2963 1522 3040 Elector
1548 2967 1720 3063 optimus.
1772 2964 1850 3038 Hic

546 3059 666 3134 oblata
699 3059 764 3160 rpfi
798 3062 869 3136 fuit
890 3060 1023 3160 species
1047 3064 1302 3162 plerorumque
1325 3068 1460 3159 Imperii
1485 3063 1651 3138 oraiaaa
1676 3063 1738 3138 diu
1764 3086 1850 3138 cum

538 3181 642 3257 penna
664 3159 808 3234 monachi
822 3159 1057 3254 loetantium,
1089 3186 1239 3274 eamque
1256 3159 1484 3260 confringere
1502 3164 1761 3256 annitentiutn,
1791 3160 1851 3235 sed

451 3301 453 3305 -
543 3256 797 3354 nequicquam.
848 3260 950 3333 Nam
968 3283 1041 3358 quo
1060 3263 1187 3331 ma‘on
1204 3260 1293 3331 nixu
1308 3259 1346 3337 id
1362 3259 1603 3355 conabantur,
1637 3287 1681 3335 eo
1699 3263 1851 3361 majores

545 3351 683 3425 fiebant
707 3356 799 3428 vires
821 3355 960 3430 calami.
1010 3287 1176 3431 Tancsem
1201 3354 1398 3430 lassitudine
1421 3357 1577 3433 confedti
1600 3358 1849 3451 discedebant,

544 3450 676 3550 magiae
709 3449 907 3551 suspe8mm
938 3451 1106 3528 habentes
1137 3453 1347 3552 scriptorem
1375 3457 1605 3529 monachum.
1662 3456 1851 3530 Caeterum

545 3547 695 3621 Eleslor
718 3549 837 3624 noster
859 3549 979 3652 rogari
1004 3576 1085 3625 eum
1111 3549 1230 3652 jussit,
1266 3551 1442 3626 undenam
1466 3552 1563 3627 hunc
1589 3579 1672 3629 acce
1701 3555 1769 3627 erit
1787 3579 1848 3628 ca·

544 3645 705 3738 tamum,
740 3650 777 3724 &
803 3674 884 3747 quse
909 3648 1048 3723 roboris
1074 3649 1325 3749 firmitatisque
1351 3655 1428 3750 ejus
1451 3649 1551 3727 causa
1570 3651 1626 3725 sit.
1675 3580 1848 3725 illevero

430 3768 434 3773 “
541 3741 747 3911 respondit,
779 3747 862 3820 hanc
885 3752 1051 3820 calamam
1069 3747 1278 3849 decerptum
1296 3749 1362 3820 else
1381 3775 1425 3825 ex
1441 3770 1527 3851 tergo
1543 3755 1660 3845 anseris
1679 3749 1850 3837 cujusdam

544 3843 596 3915 Bo
619 3852 715 3916 amica·
738 3865 866 3917 centum
891 3871 986 3918 annos
1011 3850 1102 3914 nati:
1133 3845 1166 3920 se
1193 3847 1289 3919 dono
1313 3869 1395 3920 eum
1419 3847 1590 3946 accepisse
1615 3850 1760 3919 auerera'
1774 3869 1848 3914 ma·

539 3939 724 4048 gistrafiqo,
758 3941 779 4016 tl
802 3969 874 4043 quo
892 3965 1039 4044 rogatus
1060 3941 1124 4037 srt,
1157 3964 1287 4019 uttam
1307 3945 1505 4042 praestantis
1518 3940 1656 4019 naturae'
1671 3944 1846 4016 calamum

546 4059 583 4107 tn
607 4038 713 4135 ipsius
738 4042 947 4116 memoriam
963 4040 1168 4136 asservaret,
1200 4042 1311 4116 robur
1327 4045 1403 4142 ejus
1419 4044 1501 4118 inde
1519 4039 1722 4143 proficisci,
1748 4039 1847 4141 quod
1951 4063 1955 4068 ·

547 4135 657 4205 aalma
678 4142 734 4236 a'pss
752 4140 819 4238 (ita
843 4139 1061 4218 Germanica
1081 4140 1206 4239 lingua
1223 4159 1375 4217 vocatur
1392 4141 1451 4236 id,
1485 4138 1583 4240 quod
1599 4138 1619 4217 ὲ
1635 4141 1762 4237 pennis
1781 4163 1845 4311 ept-
1890 4229 1898 4232 -
1923 4222 1925 4224 v

1323 4282 1326 4288 -
1743 4256 1796 4312 tra
1824 4261 1851 4315 n
