4884 5042
1102 543 1130 632 ‘i
1139 539 1225 635 712)

508 678 675 757 'videntia
699 681 747 753 Pa
775 701 795 752 a
812 675 972 753 decimus
991 673 1205 769 modernus,
1232 674 1453 756 omnibus&
1473 678 1618 780 singulis
1636 688 1821 788 utriusque

508 778 614 857 sexus
641 702 777 854 chrisi
797 776 984 868 fidelibus,
1009 772 1052 847 ad
1071 775 1331 871 reparationem
1351 775 1380 848 F
1383 778 1512 851 abricae
1533 781 1694 858 Basilicae
1719 789 1819 860 Prin·

511 879 606 975 cipis
634 876 894 974 Apostolorum
920 871 1027 946 sandti
1054 873 1149 944 Petri
1169 870 1212 944 de
1231 872 1334 946 Urbe
1348 873 1455 970 juxta
1472 879 1733 958 ordinationem
1753 909 1820 958 no·

514 972 620 1048 stram
654 998 779 1047 manus
807 970 1072 1071 porrigentibus
1099 968 1312 1064 adjutrices,
1346 973 1440 1043 ultra
1465 973 1674 1070 plenissimas
1699 981 1820 1057 indul·

507 1076 655 1169 ,gentias
671 1096 713 1144 ac
731 1072 813 1144 alias
831 1076 960 1169 gratias
980 1069 1018 1142 &
1036 1065 1241 1158 facultates,
1270 1091 1354 1165 quas
1373 1069 1512 1141 Christi
1530 1071 1651 1149 fideles
1668 1078 1733 1173 ipfi
1751 1080 1819 1154 ob·

513 1173 630 1244 tinere
656 1166 822 1264 possunt,
852 1170 960 1263 juxta
986 1167 1165 1238 literarum
1193 1166 1654 1264 Apostolicatumssdesuper
1672 1175 1831 1257 conseo,

514 1284 632 1340 iarum
660 1266 918 1338 continentiam
943 1261 1217 1334 misericorditer
1235 1266 1342 1335 etiam
1361 1265 1398 1335 iii
1419 1265 1582 1338 Domino
1602 1269 1747 1342 indulsit
1766 1292 1819 1344 at·

515 1386 587 1461 que
614 1359 802 1452 concessit,
832 1381 873 1435 ut
898 1361 1065 1434 idoneum
1086 1357 1215 1457 possint
1234 1360 1365 1456 eligere
1385 1359 1617 1435 consessorem
1637 1367 1821 1464 presbyte-

516 1482 597 1533 rum
623 1457 838 1550 secularem,
866 1458 924 1531 vel
951 1460 1110 1555 cujusvis
1135 1459 1242 1530 etiam
1262 1458 1543 1532 mendicantium
1562 1462 1697 1534 ordinis
1716 1487 1826 1561 regu·

514 1555 649 1651 larem,
683 1559 746 1654 qui
770 1579 896 1629 eorum
923 1552 1138 1626 consessione
1164 1554 1358 1651 diligenter
1373 1557 1515 1650 audita,
1546 1583 1613 1656 pro
1633 1560 1830 1637 commisfis·

517 1678 584 1751 per
614 1656 808 1751 eligentem
844 1650 982 1726 delislis
1009 1653 1047 1725 ὃ(
1072 1650 1368 1745 εκεείῖώυεραε
1393 1656 1551 1749 peccatis
1579 1657 1821 1752 quibuslibet,

516 1773 836 1846 quantumcunque
860 1750 1029 1848 gravibus
1059 1750 1097 1822 ὃ(
1116 1750 1349 1840 enormibus,
1369 1750 1478 1824 etiam
1498 1753 1535 1823 in
1552 1752 1659 1826 diuae
1677 1755 1748 1833 sedi
1765 1780 1822 1831 re·

469 1911 473 1918 .
511 1850 660 1924 servatis
688 1848 848 1939 cafibus,
883 1872 924 1918 ac
952 1846 1106 1919 censuris
1125 1846 1406 1939 Ecclefiasticis,
1431 1851 1538 1921 etiam
1556 1851 1600 1922 ab
1618 1853 1829 1928 hominead.

509 1947 669 2042 alicujus
695 1946 897 2019 instantiam
926 1945 1026 2037 latis,
1060 1945 1105 2016 de
1130 1943 1311 2016 concensu
1337 1947 1491 2041 partium
1503 1938 1526 2039 ,‘
1549 1949 1657 2022 etiam
1684 1952 1830 2028 ratione*

466 2079 474 2089 ·
506 2043 700 2121 interdiui
726 2042 898 2135 incursis,
928 2045 965 2116 bt
992 2066 1147 2138 quorum
1163 2040 1342 2114 absolutio
1362 2041 1448 2117 esset
1465 2046 1582 2118 eidem
1602 2046 1672 2120 sedi
1690 2047 1823 2144 specia-

514 2141 597 2216 liter
624 2141 816 2235 reservata,
846 2143 1092 2240 Praeterquam
1112 2140 1386 2213 machinationis
1403 2142 1442 2214 io
1459 2142 1641 2238 personam
1661 2144 1824 2220 sansiissi·

509 2241 566 2315 mi
592 2239 806 2334 Pontificis,
837 2238 1029 2313 occisionis
1058 2236 1326 2336 Episcoporum
1351 2257 1413 2312 aut
1430 2241 1582 2314 aliorum
1601 2242 1829 2341 superiorum·

508 2336 783 2433 praelatorum,
831 2339 870 2409 δι
906 2336 1108 2430 injestionis
1135 2359 1304 2409 manuum
1331 2337 1570 2412 violentarum
1595 2343 1632 2413 iii
1658 2342 1739 2414 illos
1764 2362 1827 2418 aut

509 2432 604 2505 alios
628 2432 822 2526 praelatos,
853 2430 1112 2505 falsificationis
1130 2434 1329 2505 litterarum
1347 2435 1646 2530 apostolicarum,
1672 2438 1827 2513 delatio·

510 2527 572 2601 iiii
595 2548 776 2600 mitiorum
796 2528 835 2599 ὃ(
853 2525 1007 2598 aliorum¹
1024 2527 1291 2621 prohibitorum
1310 2530 1354 2599 ad
1374 2552 1490 2625 partes
1507 2535 1756 2630 infideliuum,
1782 2563 1831 2613 ac·

515 2623 835 2700 sententiarum&
862 2621 1091 2711 censuamm,
1126 2622 1315 2694 occasione
1342 2625 1540 2699 aluminum
1560 2633 1662 2704 tulfae
1680 2635 1824 2730 aposto·

509 2722 599 2796 iicae
634 2722 679 2795 de
714 2719 875 2818 partibus
910 2719 1132 2811 infidelium,
1167 2719 1209 2790 ad
1238 2719 1360 2792 fideles
1387 2744 1515 2796 contra
1541 2728 1825 2820 prohibitionem

516 2817 766 2917 Apostolicam
793 2819 1017 2910 delatorum,
1051 2814 1292 2910 incursatum,
1317 2814 1424 2890 semel
1441 2821 1480 2891 in
1496 2821 1570 2892 vita
1587 2823 1626 2896 bt
1647 2825 1683 2895 in
1698 2828 1825 2899 mortis

514 2917 677 2993 articulo·
698 2919 863 3014 quotiens
888 2915 949 2988 ille
967 2913 1192 3007 imminebit,
1218 2915 1418 2986 licet-mors
1438 2935 1526 2989 tunc
1544 2943 1617 2991 non
1634 2919 1822 3018 subsequa·

512 3035 596 3105 tor,
632 3016 683 3088 Et
710 3018 746 3086 in
773 3039 846 3087 non
872 3014 1052 3088 reservatis
1081 3012 1217 3087 casibus
1246 3013 1377 3085 totiens
1405 3017 1569 3110 quotiens
1597 3016 1632 3089 id
1654 3020 1821 3116 petierit,

512 3113 671 3210 plenarie
705 3109 917 3205 absolvere,
960 3115 999 3187 dt
1031 3113 1080 3185 eis
1116 3112 1369 3207 poenitentiam
1396 3110 1581 3186 salutarem
1608 3117 1821 3217 injungere,

512 3211 603 3284 Nec
620 3234 698 3283 non
712 3209 817 3284 semel
835 3212 871 3282 in
890 3213 963 3283 vita
981 3213 1019 3285 bt
1038 3213 1075 3283 io
1093 3209 1190 3283 disio
1210 3211 1338 3283 mortis
1355 3210 1509 3284 articulo
1524 3213 1726 3309 plenariam
1739 3242 1819 3290 om-

512 3311 614 3383 nium
643 3329 876 3404 peccatorum
904 3309 1188 3408 indulgentiam,
1217 3334 1259 3380 ac
1278 3307 1512 3383 remissionem
1532 3312 1756 3409 impendere,
1783 3317 1825 3392 bc

447 3492 449 3495 ,
510 3406 736 3482 eucharistiae
755 3406 1011 3480 sacramentum
1032 3413 1204 3503 (excepto
1224 3407 1281 3478 die
1298 3404 1475 3481 Patentis
1495 3410 1530 3480 bt
1551 3414 1677 3485 mortis
1687 3415 1821 3485 articu-

514 3506 567 3594 lo)
603 3506 788 3601 quibusvis
821 3507 902 3577 anni
939 3505 1164 3602 temporibus
1200 3505 1420 3597 ministrare,
1459 3507 1542 3578 Nec
1569 3533 1640 3579 non
1669 3535 1818 3606 percos

512 3603 635 3677 emissa
654 3628 726 3703 pro
754 3623 919 3698 ternpore
943 3626 1029 3677 vota
1055 3626 1283 3702 quaecunque
1311 3604 1581 3698 (ultramarino,
1608 3607 1830 3681 visitationis·

510 3703 679 3774 ·liminum
699 3702 947 3797 apostolorum
974 3704 1011 3777 ὃς
1038 3700 1146 3774 sunsii
1173 3701 1301 3795 Jacobi
1323 3705 1359 3772 iii
1377 3701 1647 3799 Compostella,
1675 3707 1820 3801 religio-

514 3801 568 3874 nis
595 3802 634 3875 &
662 3802 832 3874 castitatis
857 3801 975 3894 votis,
1009 3801 1183 3872 duntaxat
1209 3800 1388 3898 exceptis)
1416 3801 1451 3873 in
1470 3804 1537 3874 alia
1554 3804 1695 3900 pictatis
1714 3825 1829 3897 opera,

515 3918 761 3990 commutare,
787 3901 980 3972 autoritate
997 3899 1194 3996 apostolica
1213 3896 1317 3995 possit
1336 3898 1374 3971 bc
1392 3900 1519 3973 valeat.
1558 3898 1710 3973 Indulsit
1730 3924 1821 3997 quo·

517 4016 586 4085 que
613 3995 707 4066 idem
734 3994 960 4070 saiisiiffimus
989 3999 1170 4069 Dominus
1197 3996 1340 4087 noster,
1369 3996 1540 4092 praesatos
1558 3994 1857 4093 benefitiores,

516 4111 712 4184 eorumque
730 4115 890 4189 parentes
907 4093 1125 4190 defuntus,
1145 4096 1206 4193 qui
1225 4118 1310 4168 cuni
1330 4093 1502 4170 charitate
1521 4093 1764 4187 decesserunt,
1784 4097 1830 4169 in

1741 4217 1830 4290 pler*
