4884 5042
1166 588 1299 685 (ns)

576 733 656 810 tiam
675 732 856 809 earundem
877 731 1079 824 litterarum,
1104 729 1141 805 dt
1162 732 1195 805 in
1212 733 1259 805 eis
1275 748 1515 805 contentorum
1529 727 1732 805 omnium&
1745 723 1858 822 {ingu-

575 827 689 902 lorum
708 829 914 928 praetendere
926 829 1073 915 valeant,
1091 827 1199 898 literas
1216 826 1299 923 ipsas
1320 827 1353 898 in
1366 827 1515 898 Basilicae
1530 826 1694 929 Principis
1710 827 1856 919 Apollo·

578 921 713 1013 lotum,
742 926 778 996 &
797 924 1016 995 Cancellariae
1034 922 1266 1086 Appstolicae,
1289 945 1436 992 necnon
1458 920 1711 993 Cathedralrum
1737 915 1858 989 Eccle-

575 1016 697 1088 fiarum
716 1016 1011 1116 Brandenburgen.
1107 1014 1205 1087 rsnen.
1218 1015 1255 1086 ὅ(
1270 1014 1506 1112 Merlpurgen.
1521 1016 1628 1112 valvis
1639 1011 1778 1109 affigi&
1794 1033 1859 1106 pu·

575 1107 692 1182 blicari
705 1113 826 1183 debere
838 1113 1022 1200 volumus,
1047 1110 1274 1196 decernentes,
1297 1111 1393 1205 quod
1409 1108 1589 1180 earundem
1609 1108 1779 1178 literarum
1793 1128 1857 1200 pu·

578 1201 717 1276 blicatio
737 1205 781 1275 lic
797 1204 898 1294 sada,
924 1205 1153 1301 supradislnrn
1176 1212 1385 1288 Martinam,
1407 1201 1592 1295 omnesque
1608 1201 1690 1272 alios
1707 1198 1858 1296 singulos

578 1300 868 1392 praenominatos,
894 1322 981 1394 quos
1001 1297 1119 1370 litterae
1138 1298 1333 1394 hujusmodi
1357 1300 1608 1395 quoquomodo
1628 1311 1857 1377 concernunt,

574 1390 735 1498 perinde,
746 1392 892 1480 ardent,
916 1391 991 1463 acsi
1006 1393 1110 1463 literae
1124 1392 1200 1487 ipsae
1218 1391 1273 1463 die
1290 1390 1457 1463 affixionis
1469 1446 1479 1478 ,
1492 1392 1528 1463 ὃ(
1544 1386 1779 1486 publicationis
1794 1386 1858 1456 hu·

578 1485 747 1578 jusmodi,
769 1487 814 1558 eis
830 1485 1044 1581 personaliter
1059 1485 1155 1558 lena
1177 1486 1212 1558 &
1234 1488 1393 1558 intimatae
1410 1487 1537 1575 forent,
1563 1507 1642 1556 curn
1661 1505 1729 1553 non
1749 1479 1788 1551 srt
1801 1503 1859 1584 ve·

475 1593 477 1597 ’
577 1577 729 1667 risrmile,
741 1585 836 1676 quod
850 1604 886 1651 ea
899 1603 978 1676 quac
993 1601 1059 1649 tarn
1075 1599 1222 1675 patenter
1231 1579 1342 1669 liunt,
1367 1575 1535 1651 debeanta
1562 1578 1677 1650 udeos
1689 1576 1859 1673 incognita

579 1693 760 1744 remanere.
822 1677 929 1745 Nam>
950 1673 1160 1744 obstantibus
1188 1673 1503 1745 Constitutionibus
1591 1665 1862 1755 ordinationibus

579 1765 803 1859 Apostolicis,
825 1767 880 1838 seu
894 1766 917 1838 sr
930 1764 1125 1863 supradietis
1138 1768 1298 1838 omnibus
1310 1769 1345 1840 ὅ(
1358 1767 1498 1863 fingulis
1513 1819 1523 1854 ,
1546 1767 1598 1838 vel
1611 1789 1730 1838 eorum
1741 1760 1862 1850 alicui,

573 1878 639 1928 aut
655 1858 832 1953 quibusuis
848 1860 920 1931 aliis
937 1886 956 1930 a
975 1861 1047 1932 sede
1064 1860 1261 1954 Apostolica
1281 1861 1464 1956 praedista,
1486 1860 1540 1930 vel
1558 1857 1857 1954 abeaporellatem

568 1948 799 2035 ¹habentibus,
820 1954 882 2025 sub
893 1956 1011 2051 quavis
1026 1954 1132 2024 sorma
1143 1955 1241 2025 etiam
1257 1953 1519 2041 Consellionali,
1537 1955 1573 2026 dc
1589 1977 1669 2025 cum
1682 1949 1862 2050 quibusuis

578 2045 680 2115 etiam
698 2046 877 2120 fernffimis
894 2048 1070 2133 clausulis,
1094 2069 1152 2119 aut
1166 2073 1208 2120 rx
1222 2049 1342 2146 quavis
1360 2049 1456 2121 causa
1473 2048 1529 2119 seu
1541 2048 1658 2146 grandi
1675 2044 1865 2149 considera·

580 2138 698 2228 tione,
719 2141 891 2214 indultum
921 2142 973 2215 vel
993 2143 1185 2225 concessum
1211 2143 1355 2229 existat,
1376 2142 1470 2238 quod
1489 2141 1667 2232 interdici,
1693 2141 1754 2213 sus
1811 2137 1867 2226 dt,

584 2233 639 2304 vel
665 2236 954 2308 excommunicari
973 2261 1042 2308 non
1057 2236 1178 2332 poffint
1197 2263 1257 2333 per
1276 2238 1384 2310 literas
1402 2235 1633 2333 Apostolicas,
1657 2260 1726 2309 non
1756 2233 1865 2307 acien-
1900 2295 1904 2300 .

579 2341 631 2395 tes
647 2327 779 2418 plenam
802 2334 839 2400 ὃ(
866 2331 1073 2425 expressim,
1098 2337 1195 2403 aede
1213 2332 1320 2403 verbo
1343 2333 1385 2402 ad
1400 2331 1561 2417 verbum,
1586 2355 1655 2402 non
1673 2351 1784 2402 autem
1803 2350 1864 2425 per

554 2417 747 2488 -clausulas
769 2422 936 2516 generales
956 2421 991 2493 id
1018 2422 1253 2516 imponantes,
1284 2426 1325 2494 de
1343 2425 1478 2495 indulto
1502 2423 1698 2521 hujusmodi
1718 2429 1863 2495 mentio·

581 2531 677 2598 nem,
698 2511 847 2606 ejusdem
872 2513 994 2584 indulti
1010 2535 1156 2600 tenores,
1180 2517 1316 2601 causas,
1337 2516 1374 2587 &
1392 2517 1540 2602 formas,
1565 2516 1703 2611 perinde
1720 2540 1758 2588 ac
1775 2514 1799 2587 s1
1820 2515 1864 2590 de

585 2603 694 2676 verbo
705 2605 747 2676 ad
760 2604 902 2677 verbum
918 2605 1155 2696 insererentur,
1180 2609 1222 2680 ita
1240 2629 1277 2680 ut
1291 2610 1431 2682 omnino
1442 2609 1605 2682 tollantur
1626 2609 1865 2704 praesentibus,

583 2721 648 2794 pro
664 2723 706 2770 ex
734 2696 821 2771 reffis
845 2698 1014 2774 habentes.
1337 2770 1340 2777 ,

633 2724 737 2865 Nulii
748 2817 831 2892 ergo
842 2794 984 2867 omnino
1000 2794 1176 2868 hominum
1196 2794 1292 2868 licoat
1313 2795 1398 2872 hanc
1415 2797 1570 2897 paginam
1588 2795 1711 2869 nostrae
1728 2797 1864 2871 damna·

582 2885 704 2977 tionis,
727 2888 994 2985 reprobationis,
1019 2889 1227 2998 rejeslionis,
1250 2891 1398 2980 decreti,
1418 2890 1672 2979 declarationis,
1692 2890 1867 2964 inhibitio·

576 2984 658 3070 -nis,
687 2982 896 3071 voluntatis,
915 2986 1081 3077 mandati,
1103 2986 1324 3075 hortationis,
1346 2983 1606 3074 obsecrationis,
1626 2983 1867 3082 requisitionis,

580 3077 795 3166 monitionis,
825 3076 1071 3176 affignationis,
1092 3079 1332 3171 concessionis,
1353 3079 1662 3170 condemnationis,
1683 3077 1866 3177 subjedlio·

585 3169 659 3255 nis,
686 3175 1068 3264 excommunicationis,
1094 3176 1131 3248 &
1159 3174 1498 3248 anathematizationis
1529 3173 1733 3274 infringere,
1763 3172 1866 3248 velei

582 3262 666 3336 ausu
685 3268 860 3337 temerario
877 3268 1053 3341 contraire.
1102 3269 1138 3342 Si
1155 3271 1232 3366 quis
1249 3291 1362 3342 autem
1388 3270 1455 3342 hoc
1471 3289 1630 3342 attentare
1646 3268 1869 3367 praesumpse-

582 3357 648 3446 rit,
669 3358 929 3456 indignationem
948 3364 1203 3460 omnipotentis
1222 3363 1314 3453 Dei,
1336 3387 1375 3436 ac
1401 3365 1583 3438 Batorum
1602 3363 1749 3437 Petri&
1769 3363 1866 3437 Pauli
1932 3388 1940 3394 ·

578 3453 834 3549 -Apollolorum
849 3458 937 3554 ejus,
962 3457 993 3529 sc
1015 3459 1148 3531 noverit
1163 3457 1393 3532 incursurum.

577 3594 585 3605 -
636 3548 766 3620 Datum
792 3550 921 3623 Romae
944 3554 1034 3648 apud
1053 3551 1216 3625 Sannum
1243 3555 1407 3642 Petrum,
1428 3577 1517 3626 anno
1538 3551 1777 3626 lnmrnationis
1793 3550 1870 3624 Do·

584 3643 720 3715 minicae
747 3644 958 3734 Millesrmo,
985 3645 1267 3745 Quingentesrmo
1288 3648 1484 3739 Vicesrmo,
1507 3646 1782 3743 decimoseptimo
1800 3646 1867 3717 Ca-

584 3734 696 3905 iiis?
717 3737 818 3904 Jplii,
842 3740 1063 3815 Pontificatus
1081 3742 1186 3816 nostri
1201 3767 1293 3817 anno
1309 3742 1445 3819 ottavo.
1497 3742 1587 3819 Visa.
1603 3745 1655 3818 R.
1673 3739 1870 3845 Milaoelius

678 3854 734 3932 rga
751 3854 800 3906 us.

1647 4120 1762 4197 Num.
1784 4118 1873 4220 XV.
