4884 5042
1183 570 1297 670 (rs)

585 702 750 787 delidiam
770 736 837 810 pto
855 710 1002 802 labore,
1017 702 1132 783 otiuni
1153 730 1219 807 pro
1238 709 1411 807 negotio,
1429 707 1651 807 uoluptatem
1670 716 1735 811 pro
1750 711 1888 789 sollici*
1909 746 1914 753 ·

584 810 707 885 tudine
726 811 937 907 expetimus.
967 808 1112 881 ‘Verum
1132 831 1215 880 cum
1235 805 1570 902 animadvertimus,
1596 810 1807 910 quandoque
1826 817 1886 885 lo-

580 930 644 1018 re,
676 909 773 1004 quod
799 909 836 980 in
865 905 1019 1004 Synodis
1047 905 1111 996 lit,
1146 924 1186 977 ut
1212 901 1336 975 census
1359 902 1552 997 habeatur,
1585 930 1626 981 ut
1653 933 1816 1001 morum,
1845 911 1889 986 &·

581 1024 670 1079 vitae
697 1007 907 1102 exploretur
924 1005 1034 1095 ratio,
1064 1023 1105 1076 ut
1123 999 1282 1098 improbi
1300 999 1630 1100 deprehendantur,
1653 1006 1888 1103 judicentur,

580 1100 804 1196 pledtantur,
824 1122 950 1174 contra
960 1101 1063 1197 probi
1075 1097 1754 1194 alliciantur,foyeantur,attollaotur,
1767 1107 1882 1179 incre·

580 1197 709 1271 dibiles
734 1196 868 1269 stimuli
890 1198 1100 1293 appetendae
1117 1196 1261 1267 virtutis
1280 1195 1514 1293 injiciuntur,
1541 1197 1583 1268 ut
1601 1195 1761 1270 hom-ines
1777 1201 1888 1272 colli··

580 1314 668 1390 gant
686 1292 774 1387 sese,
790 1315 832 1366 ut
851 1295 1000 1365 meliora
1017 1294 1237 1385 deliberent,
1255 1312 1297 1364 ut
1310 1292 1354 1364 ad
1370 1295 1459 1366 vitia
1470 1291 1746 1390 relinquenda&
1757 1297 1883 1369 advit-

581 1407 698 1465 tutem
725 1389 967 1490 capessendam
993 1389 1253 1481 accendantur,
1279 1390 1443 1488 nihilque
1467 1415 1544 1462 non
1558 1387 1777 1481 honestum,
1794 1394 1883 1466 nihil

571 1491 655 1560 'non
681 1489 916 1588 magnificum
940 1489 1146 1560 moliantur.
1191 1485 1311 1578 lllud,
1342 1487 1434 1558 illud
1450 1487 1586 1582 Synodi
1605 1486 1887 1570 discerniculum.

579 1583 681 1677 fuit,
699 1587 794 1659 unde
820 1585 933 1658 veluti
950 1607 994 1655 ex
1012 1608 1109 1680 equo
1124 1585 1291 1679 Trojaho
1308 1603 1367 1657 tot
1383 1581 1566 1656 clariffima
1582 1585 1808 1681 ingeniorum
1827 1588 1883 1659 lu·

578 1681 675 1756 mina
698 1686 890 1756 emicuere.
932 1681 1000 1752 Illa
1023 1684 1201 1772 virtutum
1228 1679 1468 1776 approbatio,
1488 1680 1551 1752 illa
1565 1679 1753 1756 detestatio
1769 1684 1888 1756 vitio·-

577 1801 657 1852 rum
675 1813 703 1872 ,'
730 1782 905 1875 Baſslios,
940 1778 1202 1874 Chrysostomos,
1243 1777 1489 1872 Damascenos,
1523 1781 1684 1872 Graeciae,
1715 1782 1892 1876 Hierony-f

576 1900 667 1970 mos,
699 1882 908 1972 Ambrofios,
932 1875 1152 1971 Augustinus,
1179 1875 1374 1971 Gregorius,
1399 1877 1514 1948 Italia
1531 1880 1694 1972 peperit,
1720 1881 1888 1974 quicum·

575 1995 708 2072 magna
734 1973 903 2047 hmilium
930 1972 1058 2064 turba,
1091 1974 1184 2044 bone
1210 1974 1332 2066 Deus,
1366 1995 1455 2068 quos
1473 1973 1606 2064 libros,
1631 1974 1892 2074 quaescripta,

600 2094 659 2144 uae
677 2057 930 2162 monumenta,
956 2069 1054 2169 quod
1071 2067 1336 2162 doetrinarum,
1353 2071 1458 2239 guod
1477 2069 1765 2170 disciplinarum,
1784 2079 1888 2172 quod

574 2092 782 2245 divinivel
798 2171 875 2243 auri
902 2167 961 2242 vel
987 2169 1144 2265 argenti,
1152 2190 1266 2266 genus
1292 2168 1328 2238 in
1391 2165 1597 2240 hristianum
1626 2173 1788 2244 aerarium
1810 2197 1892 2248 nom

573 2262 852 2363 congesserunt?
886 2268 984 2340 Rem
1010 2284 1209 2362 praetereo,
1244 2261 1310 2339 nifi
1338 2283 1480 2365 tempus
1506 2263 1711 2362 obfisteret,
1737 2271 1891 2345 mininie
1951 2262 1959 2291 ”

600 2365 884 2453 raetereundam,
917 2362 961 2434 de
986 2359 1454 2454 ecclesrarumredloribus,
1480 2361 1530 2435 de·
1544 2364 1742 2462 pastoribus
1762 2393 1881 2465 popu·

614 2477 716 2548 rum,
743 2456 1091 2550 inquibusquidem
1109 2457 1269 2530 universa
1286 2458 1340 2528 rei·
1354 2453 1567 2534 Christianae
1587 2459 1655 2535 fita
1668 2463 1721 2537 est
1735 2465 1771 2540 &
1786 2463 1888 2540 sum·-

572 2550 759 2629 nosnos.
777 2553 859 2627 ,Ut
884 2551 982 2625 enim
1006 2550 1153 2626 inferior
1178 2553 1248 2629 hic.
1263 2552 1416 2625 mundus
1443 2558 1533 2627 coeli
1544 2577 1634 2647 ,eum
1647 2583 1751 2636 motu
1760 2617 1775 2658 ,
1801 2585 1883 2639 tum

572 2647 710 2731 lumine
726 2651 884 2749 regitur,
901 2650 953 2721 ita
962 2648 1174 2722 Christianae
1264 2670 1317 2723 tes
1330 2650 1652 2746 are&orlbussuis,
1672 2661 1888 2736 coelestibus

571 2744 773 2918 pastoribus
789 2747 1066 2848 gubernantur,
1101 2750 1162 2845 qui
1235 2746 1324 2819 boni
1345 2747 1463 2821 futuri·
1479 2749 1546 2823 sint
1564 2750 1698 2823 necelle
1713 2755 1765 2826 est
1783 2779 1824 2830 ut
1838 2761 1884 2831 ’δι

587 2847 725 2929 umine:
733 2844 999 2945 disciplinarum
1025 2845 1231 2944 fulgentes,
1252 2844 1338 2918 alios
1363 2845 1542 2938 doceant,
1565 2847 1602 2920 lle
1621 2867 1764 2919 motum
1781 2851 1877 2925 sanc·

571 2943 897 3035 tatumadtionum
923 2966 1159 3038 exercentes,
1203 2967 1286 3041 quae
1313 2942 1524 3037 docuerint,
1558 2941 1625 3042 ipfi
1653 2944 1813 3039 inprimis
1840 2946 1884 3024 dc.

571 3044 730 3116 maxime
743 3042 891 3140 agendo
903 3062 1074 3141 praeeant.
1106 3043 1202 3114 Haec
1219 3041 1294 3115 duo
1312 3041 1372 3114 illa
1388 3039 1489 3135 sunt,
1514 3064 1595 3139 quae
1612 3040 1651 3115 δι
1669 3043 1796 3118 docuit
1815 3071 1884 3145 pa·
1930 3079 1935 3092 ·

571 3134 708 3212 storum
727 3140 903 3308 ¹princeps
928 3138 1115 3231 Christus,
1149 3140 1186 3212 &
1214 3164 1300 3213 cum
1324 3139 1662 3213 lucernas-ardentes
1678 3140 1815 3238 gestare
1832 3147 1906 3221 ad‘

570 3235 672 3314 clare.
687 3238 725 3309 in
758 3238 968 3335 itueodum,
983 3239 1034 3312 «δι
1053 3238 1096 3310 ad
1114 3235 1229 3310 sandle
1247 3237 1424 3334 agendum
1444 3233 1659 3336 praecindtos
1676 3237 1744 3313 else
1756 3239 1885 3340 juffit',

571 3329 768 3432 limulipse
782 3335 937 3410 mirifice
953 3337 1138 3424 exercuit,
1163 3358 1247 3408 cum
1267 3335 1305 3410 &
1324 3335 1389 3409 lux
1406 3335 1553 3428 mundi,
1577 3335 1884 3437 &divini‘patris

569 3428 740 3528 sapientia
757 3430 886 3527 fuerit,
906 3436 943 3508 b:
956 3431 1103 3508 sanatus
1113 3430 1326 3506 sannorum
1344 3432 1542 3532 appellatus
1552 3431 1616 3525 srt,
1635 3434 1884 3532 quod'probos

570 3542 694 3610 omnes
719 3531 807 3604 vitae
831 3530 1073 3606 Sandlimonia
1090 3529 1337 3622 antecesserit,
1361 3533 1496 3628 atque,
1517 3555 1578 3603 eas-
1593 3530 1640 3603 ob
1659 3556 1712 3605 res
1731 3535 1803 3632 Ego
1821 3538 1878 3609 in·

570 3629 681 3723 quit,
682 3628 762 3725 sum
774 3630 886 3726 pastor
902 3631 1015 3704 bonus,
1039 3629 1155 3725 Qrod
1166 3652 1259 3701 xero
1275 3627 1324 3701 ob
1334 3649 1563 3743 ..ιιιτιιιιιφιεγ
1576 3626 1713 3701 bonum
1731 3630 1875 3713 sedixe-

569 3725 809 3817 depredatur
822 3725 1062 3826 evangelista,
1078 3727 1148 3824 qui·
1161 3723 1310 3821 coepiffe
1327 3750 1416 3799 eum:
1427 3725 1551 3799 scribit
1569 3746 1646 3799 tum
1666 3727 1781 3802 facere
1797 3749 1881 3804 tum·

569 3818 709 3898 docere.
762 3824 866 3923 Qrin
886 3825 1133 3900 &duodecim
1153 3823 1204 3896 illi
1221 3823 1357 3916 duces,
1379 3824 1441 3919 qui
1459 3822 1565 3923 super
1579 3850 1723 3898 omnem
1743 3844 1878 3902 terram·

569 3918 756 4025 constituti
783 3920 863 3995 sunt
885 3925 1085 4020 principes,
1114 3922 1269 4019 Spiritus
1287 3920 1586 4015 afflatinumine,
1607 3921 1879 4019 completique,¹

568 4028 621 4083 rea
644 4033 834 4114 utramque
858 4021 947 4094 coeli
966 4023 1047 4094 »vim
1066 4019 1145 4092 sunt
1163 4017 1332 4114 allecut‘s,
1355 4039 1400 4107 ut
1414 4025 1521 4094 etiam
1541 4020 1642 4092 Coeli
1660 4018 1877 4114 appellatio·—

568 4130 655 4182 nem
675 4119 971 4212 ppomerueriot,
991 4139 1036 4193 ut
1059 4114 1340 4289 vulgatglimum
1364 4115 1519 4216 jallatur
1543 4115 1763 4220 oraculum:
1788 4122 1880 4193 Call

585 4247 587 4250 >
1245 4238 1262 4313 3
1308 4252 1310 4257 .
1772 4239 1878 4289 enan·
1915 4312 1918 4319 ἱ
