4884 5042
1236 534 1377 631 ('168.·).

662 690 699 765 hi
712 689 797 762 male
814 689 1001 787 propitium
1024 684 1145 778 timeo,
1166 689 1262 783 quod
1282 686 1380 783 pacis·
1424 685 1487 758 aria
1502 686 1591 760 hisce
1606 687 1783 761 vocabulis
1802 711 1880 762 non
1899 690 1977 765 aba

664 785 796 874 strnco,
822 788 925 855 modo
944 788 1018 880 pie,
1040 805 1142 879 atque
1159 783 1349 853 Christiane
1380 782 1570 854 ententiam.
1620 784 1706 855 Nou
1724 785 1862 855 esttam
1884 809 1968 857 mo·

666 876 737 951 rosa
759 879 844 951 inter
869 901 918 949 res
933 878 1090 965 charitas,
1114 878 1237 947 nonita
1253 875 1522 947 addidlosliterae
1539 898 1625 947 amat
1643 879 1664 948 s
1682 877 1796 964 iritus,
1820 883 1968 958 nonita

690 970 823 1069 lagosus
840 903 1008 1043 ghristus.
1062 969 1173 1040 Doleo
1191 993 1324 1057 tomen,
1345 970 1439 1064 quod
1462 970 1562 1042 multi
1580 903 1701 1067 sciprio
1718 971 1784 1043 illis
1802 975 1967 1051 nomini·

665 995 731 1138 ius
752 1066 867 1137 misere
883 1056 1180 1152 circumveniunt,
1197 1064 1267 1134 imo
1285 1087 1353 1132 oon
1373 1065 1480 1134 lolum
1502 1063 1549 1152 se,
1572 1063 1625 1135 sed
1643 1066 1677 1137 &
1693 1064 1787 1136 alios.
1843 1077 1927 1139 Ere
1948 1098 1966 1140 o

665 1167 739 1233 olim
765 1161 969 1246 iradocebor,
994 1184 1030 1229 nr
1043 1157 1394 1257 mysteriohuicaliud‚
1414 1182 1515 1252 quam
1529 1181 1613 1244 erat,
1632 1157 1831 1230 tribuerem.
1859 1098 1968 1235 Mni-

667 1274 699 1327 ta
712 1244 751 1324 de'
759 1278 842 1349 opere
852 1276 1008 1350 operante,
1032 1257 1070 1328 ti·
1085 1276 1168 1344 opere
1177 1274 1313 1346 operato,
1338 1252 1379 1321 dc
1391 1252 1613 1348 applicatione
1625 1252 1733 1324 meriti
1757 1254 1966 1345 Musarum,
2013 1263 2015 1267 ’

668 1349 711 1420 de
724 1348 882 1445 dignitate
902 1347 1151 1431 fiicrilicorum,
1176 1365 1305 1441 quanto
1317 1343 1414 1438 plebe
1433 1348 1590 1443 majores,
1611 1367 1780 1441 quantum
1801 1347 1912 1422 fitum
1927 1353 1978 1425 in·

668 1443 946 1536 multiplicatione
973 1441 1173 1525 Missurum,
1195 1438 1508 1529 deblaterabtnrur,
1550 1466 1592 1511 na
1611 1441 1736 1511 tandem
1753 1449 1898 1534 inania,
1921 1451 1965 1524 ῤ’

667 1563 765 1645 nugas
784 1538 837 1628 effe
853 1538 983 1628 rescrfto.
1035 1537 1148 1629 Atque
1166 1532 1189 1605 ὃ
1208 1533 1335 1605 utinam
1354 1531 1496 1631 insignes
1516 1467 1565 1603 ilii
1589 1558 1717 1606 errores
1737 1533 1887 1611 laterent
1905 1563 1968 1614 ne·

669 1654 812 1702 minem:
841 1631 910 1701 imo
930 1627 1094 1700 latuissent
1110 1627 1264 1714 nullum,
1287 1626 1470 1700 nesciretur
1489 1625 1623 1699 forsitan
1639 1627 1832 1700 multorum
1851 1631 1966 1708 fastus

625 1755 627 1759 ·
671 1726 708 1798 &
725 1723 957 1821 lupercilium:
990 1724 1104 1794 liss'ent
1120 1722 1215 1794 salvae
1231 1722 1410 1793 viduarum
1429 1723 1568 1811 domus,
1592 1747 1674 1827 quas
1693 1723 1809 1820 ignavi
1827 1726 1884 1798 illi
1903 1729 1967 1807 de,-

670 1840 810 1891 vorant:
835 1818 1008 1891 Florcrent
1021 1842 1152 1918 magnae
1170 1817 1325 1916 quaedam
1340 1814 1492 1901 familiae,
1517 1839 1595 1911 quae
1609 1838 1694 1887 intra
1707 1840 1837 1913 paucos
1849 1846 1966 1898 annos

670 1913 921 1984 interciderunt.
972 1914 1075 1985 Unde
1095 1917 1131 1986 ὅ(
1145 1938 1210 2012 ego
1222 1936 1289 1981 non
1304 1911 1430 1981 inficias
1440 1934 1498 1993 eo,
1523 1908 1699 1981 mihiolim
1720 1936 1790 1982 non
1804 1912 1969 1991 adeotu‚

670 2023 737 2076 tani
757 2005 868 2091 fuisse,
889 2008 926 2079 &
946 2008 1043 2078 hodie
1062 2007 1178 2078 multis
1194 2030 1263 2076 non
1280 2005 1344 2075 else
1363 2003 1540 2090 securam,
1564 2004 1700 2076 canonis
1724 2003 1817 2079 illius
1837 2007 1979 2086 led'tio·¹

671 2120 765 2184 nem,
790 2100 889 2195 cujus
914 2099 1158 2170 scholasticum
1176 2099 1345 2192 quendam
1368 2099 1462 2193 ajunt
1478 2117 1646 2186 autorem,
1673 2099 1789 2172 nostro
1806 2106 1969 2182 maxime

672 2191 774 2279 vitio,
800 2216 859 2286 qur
898 2215 993 2261 atum
1012 2190 1206 2285 placabilem
1232 2191 1346 2260 Deum
1360 2189 1456 2260 nobis
1468 2189 1687 2286 pollicemur,
1712 2195 1773 2289 qui
1796 2219 1872 2269 non
1894 2221 1969 2275 tarn

670 2285 820 2382 accipere
833 2284 853 2356 d
867 2217 961 2373 ὅου,
982 2307 1086 2381 quom
1105 2291 1156 2357 illi
1171 2286 1279 2379 offerre
1296 2288 1336 2359 ti
1354 2286 1435 2355 dare'
1447 2283 1554 2357 videri
1571 2290 1748 2375 volumus,
1773 2290 1839 2384 qui
1860 2294 1971 2391 plebe

672 2378 923 2468 circumstante,
944 2401 1249 2476 quantumcunque
1260 2382 1330 2476 pia,
1349 2380 1385 2452 ἃ
1398 2378 1431 2451 iu
1445 2379 1576 2451 Christi
1590 2382 1701 2453 verbis
1713 2380 1862 2473 fidente,
1892 2414 1971 2464 me.

656 2514 660 2521 —
672 2471 772 2546 liores
783 2499 844 2546 nos
858 2495 1030 2570 putamus,
1078 2474 1114 2546 ui
1127 2475 1199 2547 aliis
1211 2473 1368 2572 mysteria
1382 2472 1402 2544 al
1416 2473 1512 2545 nobis
1525 2480 1655 2572 lumpta
1668 2477 1808 2571 profore
1818 2482 1971 2560 arbim.

671 2591 767 2655 mur,
789 2570 886 2640 etiam
906 2497 1126 2641 nescientilrus
1144 2569 1231 2666 ipfis.
1280 2569 1454 2641 Caeterum
1469 2568 1622 2642 hisnunc
1639 2593 1774 2665 ereptus
1791 2574 1969 2670 tenebris,

672 2663 1206 2760 &misericordiamaffiquutum
1228 2663 1310 2734 alius
1321 2664 1362 2733 ad
1379 2687 1450 2734 aras
1468 2665 1612 2757 prodeo,
1637 2687 1774 2759 nempe,
1799 2671 1970 2746 conscius

672 2779 759 2831 ureae
786 2757 1012 2846 infirmitatis,
1037 2779 1149 2831 certus
1164 2756 1379 2856 benignitatis
1400 2756 1555 2845 Christi,
1581 2780 1713 2830 memor
1732 2781 1969 2852 peccatorum

673 2874 849 2942 meorum,
871 2854 1048 2926 mernor&
1071 2852 1327 2948 promissionum
1341 2850 1481 2923 Christi.
1530 2851 1633 2925 Nlhil
1652 2849 1775 2954 habens
1790 2860 1893 2949 quod
1913 2887 1970 2936 re.

673 2946 843 3035 tribuam,
870 2948 907 3018 &
925 2947 1095 3019 inveniens
1111 2946 1249 3019 calicem
1280 2969 1382 3042 quem
1400 2945 1572 3042 accipiam.
1624 2948 1770 3018 Proinde
1789 2951 1880 3024 nihil
1909 2979 1970 3030 me

674 3040 852 3134 periclitari
869 3041 1027 3118 consido,
1052 3039 1235 3137 praesertim
1248 3096 1258 3128 ,
1271 3041 1374 3136 ¹quod
1391 3042 1475 3112 inter
1497 3040 1612 3112 divina
1630 3041 1667 3113 &
1684 3040 1832 3115 humana
1848 3045 1887 3119 in
1910 3050 1968 3123 his

618 3216 625 3225 ι
675 3155 744 3203 nou
757 3135 941 3204 admodum
959 3131 1094 3204 difficile
1111 3134 1158 3204 cst
1175 3135 1368 3206 discernere.
1417 3134 1576 3207 Christus
1593 3133 1769 3231 pontifex,
1788 3161 1853 3232 per
1880 3167 1972 3238 pro.

676 3226 789 3322 prium
809 3227 1002 3323 sauguinem
1021 3226 1170 3299 introivit
1188 3229 1288 3301 semel
1309 3229 1342 3300 in
1361 3228 1492 3320 unua,
1512 3251 1635 3303 aeterna
1654 3229 1890 3323 redemptione
1912 3238 1969 3311 in·

641 3346 644 3350 ·
677 3338 793 3406 venta,
815 3320 1052 3417 utApostolus
1069 3320 1198 3411 scribit,
1219 3325 1255 3396 &
1274 3324 1413 3398 iterum:
1437 3324 1738 3418 Qtemadmodum
1757 3323 1970 3407 hominibus

675 3413 837 3485 statutum
855 3415 903 3486 est
923 3415 1021 3488 semel
1038 3418 1142 3506 mori,
1158 3423 1200 3501 lic
1219 3424 1258 3495 (ff
1275 3420 1417 3506 Christus
1424 3425 1522 3512 semel
1536 3419 1655 3489 oblatus
1671 3418 1735 3506 est,
1761 3418 1803 3491 ad
1827 3425 1971 3500 multo-

674 3530 752 3578 rum
771 3509 996 3584 exhaurienda
1015 3535 1158 3606 peccata.
1210 3516 1327 3608 ltaque
1342 3513 1482 3597 chrislus
1496 3520 1655 3613 illeagnus
1676 3519 1762 3597 Dei,
1781 3517 1887 3590 unita
1900 3520 1968 3591 ho-

676 3600 736 3673 stia
748 3602 796 3674 est
808 3603 907 3674 semel
919 3605 1044 3686 oblata,
1071 3630 1188 3677 verum
1202 3631 1263 3678 nos
1278 3609 1349 3702 ejus
1369 3607 1520 3679 sacrificii
1535 3609 1700 3680 continuo
1717 3635 1866 3680 memores
1879 3620 1969 3687 rotie

666 3699 789 3790 firmus.
841 3696 885 3768 Et
910 3700 992 3790 qnid
1006 3703 1105 3784 mali„
1127 3725 1200 3771 cum
1216 3701 1387 3792 majoribus
1404 3700 1532 3789 nostris,
1553 3723 1621 3776 tarn
1638 3701 1840 3772 orientalibus
1858 3734 1979 3800 quarn·

674 3789 944 3875 occidentalibus,
976 3791 1216 3862 recordationem
1249 3803 1332 3865 ronti
1353 3797 1528 3887 sacrficii,
1555 3801 1796 3866 immolationem
1815 3816 1968 3876 vocare?

675 3885 781 3956 modo
798 3881 904 3954 abfint
923 3882 1110 3980 pernitiosae
1127 3881 1304 3982 opiniones
1321 3887 1405 3961 aliae.
1455 3889 1571 3960 Natus
1590 3889 1638 3961 est
1662 3890 1759 3962 semel
1778 3890 1968 3987 Christus,

676 3977 855 4053 resurrexit
871 3977 990 4068 semel,
1011 4001 1168 4056 mortuus
1184 3984 1233 4057 est
1245 3981 1369 4075 semel,
1389 3984 1427 4059 &
1443 3982 1573 4084 egregii
1584 3985 1838 4059 concionatores
1849 3988 1973 4067 decla·'

1895 4107 1972 4160 ma·
