4884 5042
485 471 497 483 ’
629 537 701 616 280
852 504 1946 636 HtsTon1AEVANGEL11A.1523.

681 656 806 752 Atque
821 655 849 728 is
867 653 1006 750 primus
1023 653 1212 744 omnium,
1236 648 1383 748 publica
1398 647 1617 723 authoritate
1632 672 1856 727 convocatus
1874 655 1948 728 fuit

630 757 837 845 Conventus,
862 753 899 823 in
914 751 1016 823 'causa
1031 750 1239 849 religionis,
1261 750 1462 848 Tigurinum
1493 749 1593 820 Inter
1607 772 1668 822 eos
1684 770 1829 834 autem,
1854 775 1947 847 quos

633 851 815 941 diximus,
834 845 1008 943 Zwinglii
1020 901 1033 938 ,
1046 849 1105 918 vel
1120 847 1314 940 articulos,
1332 847 1389 919 vel
1408 843 1682 937 conclusiones,
1698 846 1870 921 articulus
1880 849 1949 922 de·

634 950 751 1022 cimus
771 947 938 1034 ostanus,
963 943 1011 1032 (a)
1032 945 1081 1015 ita
1102 943 1135 1018 se
1152 943 1324 1017 habebat:
1349 944 1517 1037 Christus,
1538 947 1672 1040 quisese
1680 947 1784 1040 semel
1800 955 1835 1017 in
1850 974 1951 1019 cruce

634 1046 752 1118 obtulit
767 1043 866 1132 hostia
883 1041 925 1131 est
942 1044 982 1116 ci·
1001 1045 1140 1113 viliima
1151 1043 1359 1138 fhtisfaciens
1376 1051 1410 1112 in
1426 1064 1576 1111 aternum
1586 1067 1644 1136 pro
1657 1051 1952 1137 peccatisomnium

626 1144 796 1237 fidelium.
819 1142 880 1212 Ex
896 1164 959 1232 quo
973 1143 1153 1237 colligitur,
1187 1142 1326 1232 Mrffem
1339 1165 1397 1210 non
1412 1143 1468 1232 effe
1476 1141 1701 1234 sacrficium,
1719 1143 1781 1237 sed
1789 1145 1952 1235 fiacrificia'

626 1248 681 1314 41„-
693 1267 789 1311 cruce
805 1242 907 1330 semel
933 1233 1034 1307 obtata·
1047 1242 1393 1329 commemorationem,
1429 1242 1469 1314 θ’*
1487 1240 1729 1345 quafifigillnm
1746 1245 1953 1314 redemtionis

628 1361 692 1438 per
709 1333 878 1423 Christum
894 1333 1053 1405 exhibita.
1081 1362 1089 1377 ·
1109 1333 1210 1428 Quae
1228 1333 1357 1428 verba,
1383 1358 1489 1432 quam
1510 1358 1582 1407 non
1598 1334 1714 1408 loliun
1731 1340 1950 1413 Pontificio·

548 1450 558 1477 ⁸
636 1459 718 1508 rum
735 1429 1097 1522 Transubstantioni,
1113 1431 1174 1522 &q
1197 1429 1295 1528 quod
1314 1434 1345 1504 ei
1356 1433 1546 1524 innititur,
1563 1433 1749 1508 Sacrificio
1761 1438 1951 1511 Missatico

640 1532 711 1606 fint
742 1526 936 1628 oppofita,
968 1526 1094 1600 veriam
1122 1529 1254 1619 etiam,
1289 1529 1398 1626 ipsam
1444 1531 1600 1602 uriorem
1618 1557 1725 1628 quam
1743 1533 1951 1633 Zwinglius

634 1634 712 1731 jam
732 1627 860 1700 abinde
879 1624 1052 1723 profeffus
1075 1623 1150 1717 est,
1177 1625 1222 1698 de
1240 1556 1478 1700 Euchariiiiae
1498 1630 1730 1704 Sacramento
1749 1631 1951 1707 doctrinam

629 1725 744 1801 mobis
762 1724 978 1815 exhibeant,
1000 1722 1052 1795 est
1072 1721 1313 1827 manifestum.
1366 1727 1501 1822 Neque
1515 1730 1611 1800 enim
1631 1728 1795 1805 dubitare
1811 1732 1950 1829 quispi-

628 1849 697 1898 am
719 1820 865 1922 potest,
887 1822 990 1918 quin
1002 1829 1193 1919 antequam
1212 1820 1350 1900 funesta
1365 1824 1425 1902 illa
1440 1826 1535 1897 inter
1552 1826 1758 1900 Lutherum
1777 1831 1816 1904 &
1834 1830 1951 1903 Caro·

631 1920 835 1996 nostadimn
863 1919 902 1990 in'
925 1919 1102 2012 Saxonia,
1136 1918 1393 2001 deverhorum
1413 1914 1653 1994 institutionis
1668 1925 1706 1995 S.
1728 1925 1860 2001 Coenae
1874 1923 1952 2000 sen·

637 2019 679 2093 su
690 2020 731 2093 lis
740 2017 869 2090 oborta
878 2014 988 2110 effer,
1005 2015 1233 2113 Zwinglius,
1251 2017 1495 2111 aequeacalii,
1511 2016 1728 2092 defaecatam
1739 2023 1851 2109 hanc,
1869 2048 1954 2123 quae

642 2119 850 2190 etiamnunc
874 2113 992 2188 nostra
1018 2115 1089 2201 est,
1120 2117 1194 2207 jam
1220 2113 1427 2185 sententiam
1449 2111 1764 2208 fuerintaffecuti,
1799 2121 1835 2189 id
1854 2122 1956 2214 quod

1320 2202 1326 2211 ι

639 2215 772 2315 partim
797 2237 842 2286 ex
869 2213 923 2286 his
950 2203 1278 2299 Conclufionibus,
1313 2208 1363 2301 (b)
1391 2209 1523 2304 partim
1540 2233 1585 2283 ex
1605 2208 1772 2305 {iugulari
1791 2218 1952 2307 quodam

642 2313 789 2411 Scripto
816 2308 1063 2410 Apologetico
1090 2301 1199 2400 ipsrus
1224 2305 1373 2378 Senatus
1400 2305 1598 2402 Tigurini,
1632 2312 1682 2400 (c)
1699 2305 1742 2380 ad
1760 2310 1953 2385 confoede.

642 2431 740 2485 ratos
754 2410 855 2504 suos,
881 2408 948 2505 qui
957 2401 1131 2498 sacrilegii
1149 2401 1352 2579 Tiqurinos
1372 2399 1646 2496 accusaverant,
1667 2405 1787 2501 dato,
1821 2413 1956 2504 partim

632 2509 821 2606 -denique,
838 2529 888 2609 ex,
899 2498 1202 2596 memonbitiqua
1228 2524 1286 2575 am
1294 2498 1550 2600 colligip'ntest
1563 2502 1745 2599 Historia,
1761 2530 1842 2603 quae
1852 2510 1957 2603 equi-

640 2609 722 2681 dem
748 2606 791 2679 ad
819 2607 915 2679 Ann.
936 2623 1044 2696 1524
1067 2595 1221 2675 refertur
1245 2599 1368 2696 paucis
1392 2600 1649 2675 tantummodi>
1673 2604 1791 2676 verbis
1816 2604 1836 2678 a
1863 2606 1956 2681 LA·

643 2703 899 2791 VATERO,
927 2701 978 2798 (d)
1006 2701 1042 2772 in
1060 2698 1138 2795 ejus
1155 2696 1340 2783 Historia,
1369 2698 1671 2792 sacramentaria,
1700 2702 1797 2776 hunc
1816 2704 1854 2775 in
1872 2730 1952 2778 mo·

639 2806 749 2881 dum:
787 2858 814 2898 „
830 2800 979 2878 Factum
1003 2819 1149 2899 quoque
1173 2795 1248 2887 est,
1279 2819 1321 2871 ut
1343 2797 1500 2890 Joannes
1524 2799 1748 2877 Rhodius&
1767 2804 1951 2902 Georgius

641 2957 671 3000 „
692 2906 873 3006 Saganus,
891 2902 992 3005 pii&
1009 2895 1205 3005 doetiviri,
1221 2896 1408 2995 Tigurum
1418 2897 1606 2992 venirent,
1624 2918 1666 2971 ut
1676 2897 1720 2971 de
1729 2900 1953 2974 Eucharistia

1171 3026 1175 3033 ·
1866 3023 1953 3072 cum

679 3215 728 3296 (a)
753 3212 824 3278 Hos
833 3156 1198 3305 anroeia'qicutosnitc
1208 3202 1305 3306 Operi
1314 3154 1546 3305 subiunximus,
1560 3207 1639 3306 inter
1647 3208 1952 3304 documentaNum.

642 3317 714 3392 xm,
736 3315 803 3390 uoq
817 3288 965 3390 equidem
980 3291 1083 3370 lingua
1099 3290 1309 3368 Germanica,
1328 3306 1472 3390 quamvis
1492 3290 1877 3375 eapnusfinrcouscnpu,
1898 3291 1952 3356 sed

640 3369 1777 3543 thqqaegqquaamqq213nffslllnglfqffgrqqssqqumConclufionum
1792 3449 1951 3533 syntagma
2026 3448 2029 3453 '

510 3564 513 3573 ·
626 3549 674 3611 ’δι
690 3536 871 3615 cumprimis
893 3538 935 3602 ad·
947 3541 1115 3603 articulum
1127 3543 1211 3601 hunc
1227 3556 1314 3602 rvnr.
1338 3543 1474 3618 notavit,
1501 3543 1656 3619 integrum
1671 3542 1703 3597 in
1719 3550 1770 3596 eas
1785 3553 1951 3607 commen.

628 3626 754 3693 'tanum
769 3618 1015 3699 conscribendo,
1034 3622 1178 3696 Operum
1197 3619 1300 3683 Torn.
1316 3641 1344 3686 r„
1360 3624 1421 3690 fol.
1438 3640 1488 3706 35.
1508 3621 1538 3686 ot
1555 3621 1640 3698 seqq.

625 3748 636 3762 -
683 3706 734 3785 (c)
759 3700 854 3779 Apud
870 3699 1114 3769 FUESSLIN.
1133 3699 1403 3776 contuetur.
1420 3724 1455 3769 n.
1477 3723 1507 3786 p.
1523 3721 1593 3784 ²49·
1614 3699 1665 3765 ubi
1680 3699 1791 3782 reliqui
1809 3703 1963 3773 Coufoe·'

638 3788 736 3858 dotati
756 3780 932 3866 Tiguriuoa
953 3782 1120 3858 accusant.
1142 3784 1238 3870 ,quod
1257 3786 1400 3863 ¹fouereut
1415 3790 1509 3865 tales,
1537 3787 1588 3868 qui
1605 3789 1657 3851 vel
1672 3782 1735 3864 ipsa
1748 3784 1949 3860 Sacramenta

640 3871 884 3946 aunnitrilarent,¹
905 3869 1052 3935 addentes
1074 3872 1167 3947 „und
1185 3887 1224 3943 ,es
1248 3871 1341 3937 bteibt
1362 3891 1415 3955 gar
1437 3871 1553 3954 weinig
1576 3870 1668 3946 iiber,
1697 3867 1771 3935 dasz
1794 3872 1848 3937 der
1864 3893 1948 3942 zartc

638 4002 662 4045 ,‚
676 3954 912 4025 'frouleichnatn
938 3951 1009 4033 Jesu
1032 3953 1144 4025 Christi
1168 3951 1278 4019 indes
1303 3957 1439 4033 priessers
1462 3954 1586 4020 hindeu
1611 3955 1697 4018 nicht
1712 3967 1840 4022 etwanu
1857 3979 1951 4045 ange·

616 4064 666 4130 tr„
683 4045 790 4120 auto,
811 4037 876 4111 und
892 4042 924 4111 in
938 4041 964 4102 ei
991 4041 1053 4131 'uer
1071 4037 1365 4119 measstrnataube
1378 4041 1410 4105 in
1424 4038 1551 4109 tweifet
1566 4056 1710 4128 geuugeu
1725 4042 1869 4125 werde„

687 4128 739 4213 (d)
762 4059 1006 4194 unvani.
1024 4121 1139 4192 Histot.
1154 4106 1293 4189 Sacram.
1310 4138 1379 4206 pag.
1399 4123 1480 4202 aa,
1698 4170 1714 4179 ..
1741 4170 1765 4183 ..
