4884 5042
1141 533 1279 658 tin-r

567 713 728 789 statutum
750 715 891 787 omnino
908 725 996 800 erat,
1018 708 1180 796 Misnam,
1203 734 1277 807 quo
1296 711 1457 806 Princeps
1470 707 1689 784 Academiam
1703 706 1867 785 transtu·

566 808 663 898 leret,
690 811 888 883 concedere:
910 806 1006 904 qnod
1026 805 1241 900 propolitum
1260 805 1403 904 urgebat
1414 829 1455 876 eo
1474 807 1595 902 magis,
1622 827 1748 898 quote
1761 825 1868 880 tanto

565 899 746 975 intervallo
770 905 884 976 videre
909 906 944 974 &
965 897 1205 998 jucundrffima
1234 921 1291 970 tua
1312 901 1555 972 consuetudine
1582 899 1652 970 frui
1678 900 1868 975 ardentius

566 997 762 1092 gestiebam.
812 999 877 1069 Sed
900 994 1055 1068 univerla
1073 1017 1185 1065 tetum
1204 1017 1356 1065 mearum
1384 994 1535 1089 supellex
1552 993 1750 1066 etiamnum
1772 997 1870 1069 redi·

568 1111 642 1161 tum
661 1116 775 1164 meum
796 1089 920 1187 Lipfiae
938 1086 1169 1193 exspectabat:
1198 1110 1236 1159 ut
1255 1087 1323 1160 fine
1342 1088 1437 1160 libris
1460 1089 1608 1160 Misnam
1628 1084 1760 1160 frustra
1778 1114 1870 1163 con·

567 1184 717 1259 cellitrus
733 1186 858 1270 erlem,
883 1187 918 1256 ὃ(
938 1181 1157 1255 nihilominus
1173 1208 1191 1254 a
1211 1181 1326 1278 Liplia
1339 1183 1492 1256 adeunda
1511 1181 1612 1278 pestis
1629 1205 1728 1255 metu
1747 1185 1869 1258 deter-

566 1299 665 1352 rerer.
706 1285 796 1355 lntet
812 1281 886 1353 haec
903 1277 1084 1350 fluetuanri
1102 1278 1242 1349 demum
1252 1300 1297 1348 ex
1311 1276 1513 1350 valetudinis
1533 1299 1618 1348 meae
1633 1275 1699 1349 usu
1713 1279 1870 1354 videba-

567 1391 626 1445 tur
638 1375 728 1448 reela
743 1378 784 1448 ad
803 1395 834 1448 te
850 1373 997 1453 Misnam
1008 1372 1230 1444 contendere.
1279 1373 1388 1468 Atqui
1400 1372 1476 1443 casu
1488 1371 1638 1467 quodam
1652 1372 1804 1464 accidit,
1827 1394 1871 1450 ut

566 1467 664 1540 nobis
683 1472 748 1565 jam
764 1466 924 1542 accindlis
943 1468 980 1541 δι
1001 1468 1098 1630 Ἵιιίε
1123 1465 1329 1562 ephippiatis
1351 1465 1536 1570 jaelaretur
1562 1463 1649 1537 inter
1670 1465 1868 1563 familiam,

567 1560 761 1638 Dostorem
780 1564 1006 1636 Alexandrum
1041 1561 1277 1661 eTeaeyman,
1299 1583 1355 1632 cut
1368 1585 1434 1660 ego
1446 1559 1618 1632 discedens
1631 1584 1754 1634 terum
1769 1589 1868 1640 mea.

566 1678 646 1728 turn
663 1670 781 1732 cutam
800 1657 1097 1747 demandarem,
1121 1667 1285 1729 unacum
1304 1655 1405 1728 fratre
1416 1655 1478 1728 suo
1490 1657 1523 1726 in
1537 1654 1613 1725 unis
1624 1655 1768 1730 aedibus
1783 1687 1870 1757 pro.

563 1746 898 1852 peManispyrgum
918 1753 955 1839 d)
982 1775 1099 1850 agere..
1139 1751 1358 1824 Sedi'nomen
1374 1750 1424 1824 est
1443 1753 1601 1824 Retelire.
1653 1751 1872 1856 Hiclocus,

567 1844 715 1923 studiose
732 1847 886 1939 sciscitari
909 1849 1018 1942 coepi,
1039 1864 1207 1943 quantum
1224 1870 1243 1917 a
1270 1847 1361 1944 Pega
1379 1865 1436 1916 tua
1452 1842 1600 1932 abersee,
1621 1844 1683 1934 δι,
1707 1871 1756 1921 an
1779 1875 1869 1926 cum

566 1942 639 2038 ejus
651 1943 716 2014 diri
730 1942 807 2016 luce
820 1966 862 2015 eo
874 1942 1050 2046 pervenire
1063 1940 1187 2014 liceret.
1235 1940 1332 2012 Cum
1348 1939 1547 2021 annuissent,
1568 1963 1635 2036 ⁸per
1645 1947 1869 2023 transversos

567 2057 628 2131 agr
652 2059 667 2107 s
685 2044 813 2132 (neque
830 2059 920 2109 ennn
939 2035 993 2104 via
1010 2034 1125 2129 aliqua
1143 2034 1289 2106 ducebat
1303 2041 1384 2120 eo,)
1408 2031 1472 2105 sub
1486 2032 1639 2122 noetem,
1663 2058 1744 2133 quo
1757 2041 1869 2116 desti·

566 2059 705 2217 nerim,
730 2130 885 2203 devenio.
936 2128 1009 2202 Hic
1031 2147 1144 2200 toturn
1163 2149 1261 2221 paene
1282 2127 1435 2198 triduum
1459 2129 1557 2200 nobis
1571 2128 1621 2201 est
1637 2132 1868 2232 extractum,

565 2220 649 2294 dum
665 2225 820 2296 videlicet
833 2222 884 2292 vir
903 2218 960 2293 ille
974 2220 1128 2318 optimus
1149 2222 1186 2294 δι
1202 2217 1419 2294 amiciffimus
1439 2246 1548 2320 genus
1567 2244 1671 2297 omne
1696 2226 1870 2307 humani.

547 2317 643 2390 ratis
661 2317 694 2388 in
714 2341 776 2390 nos
791 2336 941 2404 exercet,
962 2316 998 2388 ὃ(
1018 2317 1169 2390 minister
1184 2314 1219 2386 in
1239 2313 1327 2389 urbe
1337 2314 1477 2389 sarcinas
1485 2319 1683 2415 componit,
1703 2347 1749 2396 ac
1769 2329 1876 2421 aurit

565 2424 640 2580 ει,
663 2410 1012 2508 quibusdevehendas
1023 2411 1231 2503 committat,
1251 2413 1387 2509 quaerit.
1432 2413 1528 2486 Dum
1542 2413 1587 2486 fic
1598 2419 1631 2503 e)
1650 2438 1868 2516 movemus,

623 2530 743 2602 parum
765 2524 896 2581 mature
914 2522 1177 2605 promovemus,
1199 2530 1281 2580 ecce
1298 2507 1395 2580 nobis
1410 2507 1517 2606 Julius
1532 2509 1655 2581 interea
1673 2511 1800 2589 Misna
1814 2544 1870 2594 m·

564 2597 676 2674 hela-e
688 2603 843 2676 manibus
855 2601 987 2700 effugit.
1038 2604 1086 2675 lta
1103 2603 1198 2674 omni
1218 2601 1274 2698 spe
1291 2602 1442 2693 fruetus,
1463 2626 1566 2700 quam
1586 2628 1630 2676 ex
1648 2626 1786 2682 murtro
1799 2639 1865 2688 no·

564 2693 829 2794 stroconspeclu
849 2699 969 2796 pariter
981 2696 1206 2796 &colloquio
1224 2699 1395 2797 ingentem
1416 2721 1653 2794 conceperam,
1679 2700 1868 2806 dejestus,

563 2799 685 2890 leovegar
706 2821 793 2868 πισυν
811 2798 1024 2896 retrogradae,
1046 2792 1113 2864 hoc
1133 2794 1201 2882 est,
1232 2793 1341 2865 literas
1355 2795 1398 2866 ad
1421 2813 1454 2866 te
1470 2793 1548 2865 dare
1569 2795 1735 2893 cogitavi.
1798 2806 1866 2882 Eas

556 2885 628 2995 jam
641 2891 815 2961 edomatas
827 2909 897 2961 tuae
907 2908 951 2957 eat
962 2886 1127 2984 insperato
1137 2888 1385 2984 opprelletunt.
1434 2887 1575 2982 Quibus
1588 2890 1745 2987 legendis
1758 2894 1866 2976 facile

461 3022 463 3026 ·
565 2983 732 3070 intellexi,
749 2999 862 3054 meam
880 2983 915 3054 in
933 2981 997 3052 hac
1014 3007 1050 3054 re
1067 2979 1295 3055 infelicitatem
1309 3007 1377 3054 non
1389 2983 1505 3055 minus
1515 2983 1596 3074 tibi,
1615 3007 1723 3080 quam
1737 2987 1782 3063 ὃ(
1797 2998 1865 3069 mi.

564 3075 616 3164 lii,
634 3077 744 3149 dolori
758 3076 865 3150 soille.
916 3074 1065 3149 Tametsi
1084 3098 1154 3150 mea
1169 3078 1276 3175 pluris
1289 3078 1461 3163 intererat,
1480 3101 1582 3175 quarn
1598 3099 1681 3151 tua..
1720 3082 1865 3186 Neque

562 3171 653 3258 enim
672 3191 802 3242 rantum
819 3173 863 3244 de
880 3169 1124 3244 communibus
1143 3173 1260 3261 rebus,
1281 3172 1337 3244 sed
1398 3171 1568 3247 crtliariter
1581 3174 1684 3244 etiam
1702 3175 1751 3250 de
1777 3189 1865 3260 vitae

563 3286 648 3335 tneae
667 3265 850 3337 rationibus
874 3286 1007 3357 tectim,
1032 3267 1253 3341 amantiffimo
1271 3268 1338 3341 mei
1380 3269 1509 3354 omine,
1534 3271 1863 3356 communimffem‚

563 3359 726 3431 Imitabor
742 3384 826 3458 ergo
848 3380 902 3448 te,
924 3363 983 3451 &,
1001 3363 1105 3460 ⁴quod
1122 3386 1236 3436 eoram
1255 3387 1324 3436 non
1347 3364 1443 3438 licuit
1462 3362 1593 3452 verbis,
1614 3361 1732 3436 absens
1824 3400 1862 3449 m

563 3453 684 3527 literisr
702 3455 932 3553 -·Nam·qu0d
950 3459 992 3531 ad
1011 3465 1158 3530 Martini
1176 3458 1351 3556 Theologi
1368 3460 1499 3531 mulam
1518 3479 1607 3530 tanta
1619 3479 1669 3529 tot
1682 3456 1863 3557 sophista.

563 3573 641 3621 tum
663 3548 880 3625 emulatione
897 3555 929 3625 in
949 3554 1114 3625 summam
1132 3552 1292 3625 invidiam
1314 3553 1370 3626 lric
1386 3552 1567 3626 addonem
1585 3553 1727 3644 attinet,
1752 3565 1862 3639 αἴης

562 3643 711 3719 historiae
729 3667 760 3718 te
778 3647 945 3746 imprimis
961 3645 1129 3741 cupidum
1149 3647 1267 3740 video,
1292 3671 1489 3745 quanquam
1506 3650 1551 3719 ita
1567 3645 1665 3720 habet
1682 3673 1764 3725 mea
1794 3683 1858 3732 en.

1782 3773 1863 3828 ten.

558 3950 659 4182 affl,
678 3949 876 4101 filnertssdlitrid
887 4031 921 4098 in
940 4014 1268 4102 ltsittoitcrerttno
1282 4046 1537 4122 promeremur,
1556 4029 1647 4120 quod
1654 4008 1858 4114 Sebilneais
