4884 5042
532 577 699 678 rapa
862 523 1511 653 annovanr.
1766 601 1836 667 299

532 690 557 724 ''
581 693 694 769 verbo
721 691 795 767 Dei
820 687 965 765 docent.
1017 690 1116 763 Nam
1143 686 1188 760 ab
1209 686 1310 761 iis&
1335 687 1455 762 seduci
1483 690 1657 790 populum
1680 691 1716 764 in
1733 716 1833 763 erro·
1859 698 1861 702 ’

532 789 556 820 ”
582 815 681 885 rem,
715 792 753 865 &
770 792 929 902 graviter
945 784 1082 861 offendi
1101 787 1247 879 Deum,
1277 785 1339 880 qui
1357 788 1462 859 variis
1478 788 1605 863 deinde
1621 790 1832 863 calamitati·

531 884 555 918 ”
578 885 643 962 bus
660 890 842 963 audactam
860 887 960 960 istam
981 883 1183 958 ulciscatur.
1236 879 1425 956 Dissrdium
1442 885 1512 958 hoc
1530 912 1636 962 omne
1653 908 1832 960 extorum

531 983 556 1017 ''
579 986 778 1085 cupiditate
793 1009 945 1061 manare.
997 984 1075 1077 Qui
1095 1001 1280 1071 metuunt,
1301 1003 1346 1052 ne
1360 980 1448 1077 quid
1465 985 1664 1057 commodis
1674 982 1832 1082 ipsorum

530 1078 555 1116 '⁹
580 1084 750 1156 decedat:
785 1083 882 1181 quod
907 1079 932 1155 fi
958 1105 1082 1180 puram
1110 1078 1167 1152 isti
1192 1076 1391 1151 do&rinam
1411 1078 1660 1174 sequerentur,
1695 1083 1733 1155 &
1749 1106 1831 1178 quae

530 1179 554 1213 '’
582 1181 627 1252 srt
643 1202 716 1252 non
732 1179 943 1272 hominum,
975 1178 1034 1251 sed
1053 1178 1123 1253 Dei
1144 1174 1330 1267 voluntas,
1363 1175 1606 1270 inquirerent,
1636 1200 1709 1249 non
1725 1176 1832 1252 dubi·

506 1268 557 1328 ·'’
580 1300 644 1349 um
668 1275 759 1369 esse,
793 1277 880 1374 quin
904 1274 1053 1368 fastum,
1087 1275 1212 1347 luxum
1239 1275 1277 1347 &
1299 1273 1480 1345 avaritiam
1500 1294 1643 1344 omnem
1665 1272 1709 1346 ab
1725 1269 1761 1346 se
1777 1298 1832 1349 re·

528 1369 553 1404 ”
580 1392 788 1466 moverent,
813 1372 851 1445 &
869 1374 1075 1445 concordiae
1092 1373 1244 1444 rationes
1262 1372 1405 1443 inirent.
1447 1367 1636 1442 lnundasse
1649 1372 1723 1467 jam
1738 1369 1833 1445 mul-

527 1461 554 1501 '²
580 1484 619 1544 ta
632 1471 741 1563 vitia,
775 1467 969 1542 ma‘oribus
987 1469 1143 1566 ipsorum
1160 1469 1369 1566 incognita,
1400 1489 1482 1564 quae
1500 1464 1571 1539 suae
1590 1468 1747 1540 civitatis
1765 1467 1832 1539 do·

530 1564 555 1600 ”
580 1566 697 1641 &tores
720 1494 1002 1664 represendant,
1036 1568 1073 1640 &
1101 1566 1203 1640 simul
1230 1566 1273 1637 ad
1293 1584 1428 1638 metum
1448 1565 1606 1637 numinis
1625 1565 1751 1637 Divini
1768 1588 1833 1637 co·

527 1652 555 1697 ⁴’
578 1664 780 1736 hortentur.
837 1662 954 1755 Quod
983 1682 1102 1735 autem
1138 1661 1373 1736 concionibus
1407 1660 1552 1734 illorum
1578 1661 1737 1760 plerique
1760 1684 1835 1734 non

529 1755 556 1793 ’⁹
579 1761 838 1850 emendentur,
863 1783 979 1855 neque
993 1759 1150 1833 frustum
1168 1783 1207 1832 ea
1223 1758 1386 1832 doctr-ina
1400 1758 1551 1857 dignum
1571 1760 1776 1856 proferant,
1796 1757 1835 1830 id

529 1853 555 1889 ’'
578 1879 652 1928 non
667 1853 809 1928 seminis
824 1856 999 1957 projesti,
1024 1855 1082 1930 sed
1100 1855 1208 1953 ipsrus
1227 1855 1328 1929 fundi
1343 1857 1472 1928 vitium
1490 1855 1570 1928 esse.
1623 1853 1735 1928 Certe
1752 1853 1833 1928 snos

528 1948 554 1985 ”
580 1954 673 2025 intra
690 1950 778 2024 fines
793 1975 867 2024 non
880 1974 963 2025 eum
980 1950 1096 2053 vulgi)
1114 1953 1272 2053 conspici
1289 1954 1439 2044 luxum,
1475 1976 1541 2025 nec
1558 1954 1833 2051 intemperanti·

529 2049 555 2084 ”
577 2074 659 2143 arn,
682 2072 764 2148 quae
784 2046 902 2147 passim
922 2048 1005 2121 alibi
1022 2070 1161 2151 regnet.
1212 2052 1393 2148 imprimis
1413 2049 1499 2122 vero
1515 2047 1586 2122 suae
1604 2047 1836 2136 ditionis‘ho·

529 2145 553 2180 ”
579 2149 691 2221 mines
707 2170 780 2220 non
796 2144 919 2219 serrari
935 2147 1098 2220 militiam
1117 2147 1215 2220 illam
1233 2167 1416 2220 externam
1435 2147 1473 2220 &
1490 2147 1770 2240 mercenariam,
1795 2164 1838 2220 ut

528 2242 555 2284 '’
579 2245 690 2340 olirn,
724 2269 806 2343 quae
832 2263 931 2317 certe
954 2245 1152 2318 multorum
1178 2245 1353 2317 vitiorum
1371 2245 1562 2341 materiam
1581 2241 1836 2318 subministret.

528 2341 553 2375 ''
581 2343 642 2412 De
666 2344 826 2412 carnium
846 2342 884 2414 &
902 2367 1054 2415 ovorum
1071 2340 1153 2436 esu,
1186 2364 1388 2439 quanquam
1407 2341 1500 2413 liber
1521 2340 1586 2434 fit,
1618 2342 1837 2436 minimeque

577 2434 783 2600 prohibitus
800 2434 823 2503 ὲ
839 2437 1010 2540 ῼὴτίίὶο,
1036 2439 1207 2544 leg‘emse
1221 2438 1359 2546 tulisse,
1377 2461 1447 2535 qun
1463 2440 1643 2511 temeritas
1665 2439 1703 2512 &
1718 2434 1836 2547 offen:

530 2528 554 2562 ”
603 2528 738 2601 reulum
755 2528 1004 2624 prohibentur.
1056 2531 1285 2599 Matrimonii
1305 2535 1427 2603 Deum
1445 2537 1631 2608 authorem
1653 2534 1743 2627 esse,
1770 2559 1831 2629 qur

531 2627 555 2662 ”
582 2624 749 2698 omnibus
765 2623 853 2695 illud
872 2619 1081 2717 permiserit.
1132 2621 1285 2694 Paulum
1304 2627 1411 2695 etiam
1425 2629 1574 2720 jubere,
1599 2651 1641 2701 ut
1660 2631 1834 2704 Ecclesiae

530 2723 555 2757 '’
582 2721 742 2794 minister
758 2720 801 2793 srt
819 2721 922 2792 unius
940 2718 1065 2791 uxoris
1080 2718 1241 2791 maritus.
1291 2720 1340 2793 Et
1358 2743 1469 2815 quum
1490 2721 1687 2819 Episcopi,
1708 2731 1832 2800 Sacer·

531 2821 555 2855 ’³
580 2819 726 2893 dotibus
751 2836 899 2916 accepta
917 2816 1074 2914 'pecunia
1089 2814 1315 2903 ⁸‚concubinas
1342 2818 1577 2913 permittant,
1607 2822 1706 2915 turpi
1725 2823 1832 2897 nimi·

531 2917 555 2953 ”
581 2942 661 2990 rum
687 2916 878 3015 exemplo,
909 2938 1025 3013 neque
1042 2912 1202 2986 foeminis
1222 2912 1275 2984 illi
1293 2933 1434 3005 carere,
1466 2912 1523 2984 vel
1542 2911 1671 3010 poffint
1690 2935 1754 2988 aut
1772 2939 1833 2987 ve·

532 3016 556 3050 ”
583 3016 672 3108 lint,
705 3038 779 3087 non
802 3013 836 3087 se
859 3006 957 3110 polle
975 3014 1081 3105 Deo,
1116 3015 1178 3108 qui
1205 3011 1418 3123 conjugium
1445 3009 1621 3104 instituit,
1655 3010 1835 3086 relustari.

530 3116 555 3147 ’²
583 3112 743 3184 Eandem
767 3111 838 3181 effe
860 3112 1054 3202 rationem,
1087 3108 1131 3181 ad
1149 3109 1316 3183 foeminas
1332 3107 1431 3279 quod
1447 3109 1593 3201 attinet,
1626 3132 1709 3206 quae
1728 3110 1833 3187 casti·

532 3212 556 3242 ’'
582 3215 691 3280 t'atem
715 3204 850 3280 vovisse
867 3206 1058 3280 dicuntur:
1092 3229 1172 3279 nam
1189 3226 1317 3302 putare
1347 3230 1367 3279 e
1407 3228 1493 3280 enus
1511 3206 1584 3278 hoc
1601 3205 1833 3305 obligationis

531 3311 555 3343 ”
580 3326 687 3404 atquc
709 3304 810 3398 voti,
844 3306 959 3376 minus
977 3325 1121 3402 gratum
1139 3302 1208 3378 esse
1227 3305 1324 3377 Deo.
1375 3229 1545 3400 sitimque
1562 3305 1694 3378 donum
1711 3305 1831 3381 conti·

533 3409 556 3440 ’⁹
582 3403 715 3476 nentiae
735 3426 808 3473 non
827 3399 1054 3474 srtomnibus
1070 3403 1218 3495 datum,
1253 3400 1419 3499 praestare
1437 3399 1578 3492 multo,
1611 3401 1670 3474 sua
1685 3405 1832 3500 quidem

533 3508 557 3535 ”
583 3503 777 3598 opinione,
809 3518 850 3572 ut
872 3500 1028 3593 nubant,
1064 3524 1169 3596 quarn
1196 3517 1238 3572 ut
1262 3500 1299 3569 in
1321 3502 1467 3596 impuro
1492 3501 1615 3572 vivant
1642 3501 1829 3575 coelibatrt

527 3599 559 3641 ·'’
581 3600 852 3670 Canonicorum
880 3599 916 3671 St
944 3597 980 3669 id
1006 3619 1119 3695 genus
1136 3595 1203 3670 alia
1220 3597 1375 3696 collegia
1389 3596 1569 3694 qnondam
1581 3595 1653 3670 esse
1670 3599 1832 3672 instituta

531 3697 558 3734 ’²
583 3715 731 3794 propter
747 3695 909 3767 homines
925 3718 1078 3794 egenos:
1106 3714 1338 3786 truncantem
1358 3718 1412 3768 eas
1431 3693 1616 3769 facultates
1634 3695 1678 3768 ab
1698 3698 1739 3767 iis
1756 3698 1831 3792 ple·

531 3792 557 3832 '²
583 3817 720 3890 runqne
737 3795 870 3886 teneri,
903 3796 963 3890 qui
984 3793 1061 3866 satis
1081 3790 1240 3887 alioquin
1258 3792 1389 3864 habent
1407 3815 1450 3865 ex
1467 3793 1697 3890 patrimonio.
1750 3790 1831 3863 Ne·

494 3924 497 3938 r
531 3889 555 3927 ’⁹
582 3888 754 3986 queraris
782 3890 880 3983 sieri,
914 3910 956 3964 ut
982 3915 1073 3965 unus
1099 3886 1422 3987 aliquispoffrdeat
1445 3912 1618 3990 quantum
1636 3891 1679 3960 ad
1697 3888 1831 3959 multos

529 3984 560 4025 ·'’
583 3986 821 4058 arendossatis
834 3987 903 4062 esse
919 3987 1044 4087 posset.
1094 3986 1258 4086 AEquum
1275 4008 1365 4085 ergo
1383 3984 1447 4059 sibi
1463 3988 1597 4078 videri,
1633 3984 1727 4054 utin
1745 4008 1831 4078 pau·

534 4079 562 4118 ‘⁹
586 4090 712 4179 perum
731 4081 817 4156 usus
835 4107 882 4157 ea
904 4086 1000 4161 bona
1014 4083 1129 4160 rursus
1148 4084 1487 4253 apcommodentur:
1521 4106 1590 4181 qua
1605 4100 1724 4154 tamen
1740 4082 1776 4153 in
1795 4106 1833 4154 re

1203 4205 1226 4279 p
1255 4203 1276 4253 2
1703 4231 1729 4273 „
1755 4203 1832 4250 mo·
