4884 5042
980 622 983 628 -
1092 572 1203 674 (aa)

495 735 595 806 mus,
620 707 808 793 vivificans
826 708 1164 804 onninrnterion
1181 706 1417 785 &exteriora
1432 735 1523 789 mea.
1538 777 1545 790 .
1567 711 1661 807 sad,
1687 712 1797 810 dum,

494 830 589 914 potu
620 807 882 908 refrigeratus,
923 817 1043 921 caput.
1065 808 1201 905 erigo,
1235 804 1424 903 pudebat,
1465 834 1552 905 mn,
1591 810 1692 913 quod
1717 833 1801 889 tan«

494 927 553 1005 tus
580 928 753 1006 peccator
777 905 923 982 deberet
940 906 1046 980 inniti
1062 903 1125 980 tali
1142 901 1402 997 sustentaculo,
1428 906 1564 982 restitui
1583 928 1697 1006 potu,
1723 935 1803 1008 qun
1904 981 1910 1002 v,

492 1030 608 1083 neue
645 1004 802 1102 Angeli,
835 1027 949 1101 neque
975 1003 1049 1078 ulla
1074 1021 1258 1095 creatura,
1291 1001 1391 1100 digni
1418 1000 1510 1076 sunt.
1560 1009 1713 1104 Accipit
1738 1030 1797 1084 me

492 1103 516 1210 p
581 1125 770 1193 armeus,
806 1101 845 1175 &
870 1101 1027 1176 exsmhit
1055 1124 1114 1173 me
1138 1098 1183 1172 de
1209 1097 1280 1173 hoc
1301 1098 1403 1174 sonte
1417 1099 1559 1193 salutis,
1580 1104 1622 1178 2&
1642 1109 1796 1199 quaerit,

493 1223 539 1281 an
564 1196 743 1274 biberim?
774 1214 1060 1277 annosrecreatus
1077 1195 1166 1271 fini?
1192 1195 1278 1293 Ego
1297 1216 1387 1273 vern
1401 1198 1609 1294 gratiasegi
1629 1201 1712 1273 Deo
1729 1202 1796 1276 Pa-

494 1297 546 1377 tri
567 1292 772 1374 Dn‚.·nostri
788 1293 870 1387 Jesu
888 1294 1051 1387 Christi,
1066 1319 1134 1390 pro
1151 1294 1218 1372 hac
1238 1291 1296 1369 sua
1310 1318 1397 1391 erga
1414 1319 1471 1368 mc
1488 1313 1689 1373 extremum
1710 1321 1799 1392 pecs

494 1411 652 1474 datorem
672 1392 882 1482 clementia,
901 1391 1056 1484 fatebar,
1076 1417 1133 1467 mc
1150 1391 1462 1488 insigniorum
1474 1391 1655 1484 bonone,
1675 1391 1799 1467 sedra-

493 1504 578 1575 nien
604 1513 679 1567 non
703 1488 900 1581 audebam,
926 1515 1001 1584 prae
1020 1491 1241 1580 reverentis,
1265 1487 1457 1589 objurgare
1475 1489 1602 1584 illum,
1626 1489 1724 1585 quod
1741 1511 1799 1565 me

492 1586 551 1667 ita,
560 1585 814 1686 praecipitasset
834 1588 869 1657 in
888 1584 1026 1659 sontem
1043 1585 1146 1684 super
1164 1583 1349 1662 Christum
1367 1586 1597 1663 crucifixum.
1632 1589 1717 1679 sic,
1741 1588 1797 1662 in·
1869 1644 1871 1649 .

495 1683 719 1785 quiessem,
752 1703 789 1759 te
809 1706 888 1755 ⁴non
913 1706 958 1758 ex
983 1684 1124 1775 rivulo,
1158 1682 1216 1759 sed
1233 1682 1420 1776 exsonte,
1447 1682 1614 1762 &fontis
1630 1682 1803 1780 rudore,

493 1780 641 1879 potasse.
684 1779 884 1859 Paululum·
901 1778 1113 1875 quiescimus
1138 1780 1214 1856 illic
1239 1780 1460 1875 adsumens,-
1482 1781 1614 1877 jubeta
1640 1784 1798 1879 praecim-

493 1900 578 1977 gam
606 1903 684 1969 me,
702 1879 760 1976 3&
777 1877 817 1954 se.
828 1880 1043 1971 comitarer,
1069 1877 1187 1972 facin,
1214 1879 1442 1976 prrccingor,
1469 1880 1506 1953 ὃ(
1521 1881 1594 1975 jam
1613 1880 1800 1957 ambulare

490 1975 622 2073 potui,
654 1976 808 2052 nimium
835 1974 1017 2052 restitutus
1042 1997 1134 2073 potu
1150 1999 1252 2074 aquae
1269 1978 1371 2053 vitm.
1394 2028 1397 2033 -
1420 1977 1677 2074 Progredimur
1689 1979 1801 2076 juata

489 2071 646 2154 fluvium
664 2074 701 2151 in
720 2093 825 2170 prato
842 2074 907 2146 illo
925 2073 1174 2148 amoeniffrmo.
1200 2074 1288 2149 Erat
1307 2093 1452 2167 autern,
1468 2096 1509 2150 ut
1527 2076 1619 2148 mihi
1635 2077 1804 2168 videtur,

490 2172 586 2252 eirca
611 2171 738 2248 boran
756 2172 906 2269 primam
926 2170 1251 2269 postmeridianam.
1296 2169 1372 2245 Vix
1389 2195 1496 2248 unam
1515 2172 1637 2247 horam
1658 2174 1726 2250 iter
1743 2172 1800 2247 se·

489 2270 618 2366 dinus.
661 2270 713 2345 Et
732 2294 825 2366 ⁴ecce
850 2290 999 2366 apparet
1027 2270 1131 2344 nobis
1156 2292 1308 2365 campus.
1331 2270 1536 2362 martinus,
1555 2268 1800 2369 longissimus,

490 2361 693 2451 incidimus,
728 2369 827 2456 quasi
850 2365 965 2440 rursus
990 2387 1091 2442 totus
1109 2368 1263 2442 mundus
1280 2365 1365 2442 essct
1383 2391 1552 2466 campus,
1578 2369 1703 2464 plenus
1723 2369 1801 2443 srua

491 2469 604 2633 gem,
617 2456 745 2529 ,tritici
763 2459 802 2531 sc
821 2459 981 2553 siliginis.
1008 2463 1090 2550 lbi,
1114 2466 1261 2556 inquit,
1282 2465 1349 2538 tibi
1367 2489 1464 2540 nunc
1482 2464 1714 2543 laborandum
1732 2465 1804 2562 esta
1824 2483 1835 2498 ⁸

528 2591 535 2600 2
550 2551 778 2630 metendum.
821 2553 906 2647 Ego
932 2576 1017 2646 vero
1044 2555 1233 2650 respondi,
1259 2581 1317 2628 me
1333 2562 1587 2653 quidemnihil
1606 2562 1804 2640 abhorrere·

491 2649 538 2732 ab
563 2649 641 2727 ullo
667 2647 812 2744 labore,
846 2649 921 2741 imo
946 2646 1056 2722 odisse
1081 2652 1221 2743 otium,
1247 2650 1305 2724 scd
1322 2677 1381 2725 me
1397 2678 1512 2751 neque
1529 2680 1683 2752 unquam
1704 2679 1802 2737 trac·

490 2746 577 2826 tasse
600 2747 753 2841 falcem,
787 2771 832 2821 ne
857 2771 908 2822 ue
927 2770 1038 2820 unum
1058 2747 1241 2840 culmum,
1267 2769 1328 2821 aut
1346 2752 1593 2846 manipulum,
1618 2754 1717 2848 posse
1734 2759 1798 2831 de·

489 2854 637 2926 meiere.
679 2772 886 2944 Respondit
902 2843 986 2938 ille,
1011 2844 1221 2938 doceberis,
1245 2845 1344 2941 quod
1361 2844 1495 2938 noscis,
1518 2846 1641 2920 disces.
1675 2852 1799 2927 Duma

490 2958 569 3042 (ιιι-
586 2945 800 3031 adinitium
817 2968 991 3042 agrorum-
1005 2945 1253 3041 pervenimus,
1271 2941 1391 3016 stabat
1410 2944 1554 3040 qnidam
1573 2942 1725 3039 messor,
1749 2951 1805 3026 ita.

489 3037 683 3120 numum
701 3042 813 3134 falce,
833 3047 871 3116 δ’(
889 3041 1102 3114 confortatis
1118 3041 1295 3135 brachiis,
1314 3041 1446 3140 quisita
1459 3041 1610 3119 instabat
1621 3062 1724 3118 :tanta
1741 3048 1800 3121 in·
1865 3042 1870 3063 '

490 3135 640 3230 stantia,
663 3136 760 3235 quast
777 3138 870 3212 solus
888 3140 998 3213 vellet
1016 3140 1112 3212 hunc
1131 3139 1316 3214 infinitum
1335 3163 1504 3237 campum
1524 3140 1714 3217 demente.
1746 3145 1801 3223 Es

491 3253 589 3312 eerte
615 3259 686 3310 una
713 3235 771 3312 die
789 3261 846 3310 rna
875 3262 961 3310 num
978 3237 1135 3337 spacium
1155 3237 1306 3336 frugum
1321 3237 1531 3336 deposuerat
1549 3238 1653 3314 fasce.
1694 3241 1803 3320 Huic

490 3333 610 3432 inquit
631 3330 785 3428 duetnr,
817 3261 975 3434 acsjunge
1003 3355 1058 3428 te,
1084 3336 1128 3408 ab
1147 3337 1211 3410 illo
1230 3335 1366 3427 disces,
1388 3338 1427 3412 ἃ
1444 3337 1679 3435 adjuvaberis.
1722 3341 1802 3439 Et,

489 3430 576 3508 dum
603 3431 708 3505 illum
734 3431 840 3506 video
865 3435 983 3507 virum
1006 3433 1291 3532 gravem,.justa
1309 3454 1437 3529 actare,
1460 3456 1536 3509 erat
1553 3434 1695 3509 dudbori
1713 3463 1800 3515 meo·
1826 3500 1828 3507 .

490 3527 636 3626 similis,
661 3532 732 3623 ita,
758 3551 801 3604 ut
817 3531 1042 3624 dubitarem,
1067 3557 1112 3604 an
1129 3533 1224 3606 idem
1243 3531 1350 3626 essct,
1366 3558 1411 3605 an
1427 3532 1513 3606 duo.
1539 3533 1645 3632 Quid
1659 3539 1801 3612 muita?¹

489 3629 628 3726 decipit
644 3628 796 3723 falcem,
822 3631 860 3703 &
877 3630 990 3723 duos,
1013 3651 1074 3702 aut
1093 3650 1163 3704 tres
1180 3631 1528 3728 manipulos‘metit,
1554 3631 1657 3706 fimus
1675 3635 1794 3709 osten-

490 3722 596 3818 dens,
632 3725 682 3800 fic
707 3728 797 3800 mihi
814 3726 882 3801 esse
900 3727 1115 3802 faciendum.
1159 3731 1317 3804 Accedit
1334 3731 1442 3803 etiarn
1461 3730 1514 3825 is,
1537 3734 1600 3831 qui
1617 3733 1799 3824 metebat,

490 3821 554 3914 dt,
576 3848 634 3898 me
653 3824 720 3898 srbi
735 3824 870 3899 socium
890 3825 1100 3922 contigisse,
1118 3827 1320 3926 gaudebat,
1340 3827 1620 3920 commonstrat,
1637 3852 1794 3924 quomo·
1913 3829 1916 3835 ’

491 3916 540 3989 do
558 3919 631 4016 ipse
649 3922 784 3996 sinistra
800 3923 918 3997 aristas
935 3928 1197 4021 conjungerem,
1216 3925 1341 3999 deinde
1358 3924 1449 4001 salec
1457 3928 1582 4000 dextra
1592 3923 1797 4023 proscinde·¹

491 4032 557 4086 ret.
601 4019 760 4114 Accipio
778 4021 906 4097 falcon
926 4025 963 4096 in
979 4025 1125 4098 nominc
1144 4024 1296 4097 Domini
1312 4023 1395 4116 Jcsu
1411 4023 1571 4116 Christi,
1589 4024 1685 4095 lente
1702 4048 1800 4120 opusz

491 4110 876 4213 prinopcocodmat,
897 4119 956 4196 scd
967 4122 1145 4219 paulatim
1163 4145 1208 4238 ex
1226 4119 1295 4196 usu
1306 4118 1687 4199 diseo,arsem..Astas
1702 4121 1799 4196 duca

1712 4237 1811 4315 tor,
