4884 5042
1254 571 1369 672 (rb)

652 723 754 800 ·tient
773 721 817 798 de
835 720 896 795 itt'o
915 719 1116 815 dubitatur,
1138 720 1387 796 absolutionem
1409 721 1448 797 &
1470 719 1694 796 temiilionem
1711 748 1752 796 ac
1768 721 1968 819 pleniii'm

669 819 920 919 indulgentiam
937 819 1148 926 impendere:
1202 818 1240 886 ln
1258 844 1328 890 nori
1345 819 1516 891 reservatis
1532 817 1759 892 verbalibus
1770 821 1808 893 ὃ(
1819 822 1971 908 censu÷

671 914 740 1002 ris,
763 915 840 988 lieet
861 912 955 1002 aliis,
984 912 1202 987 inferioribus
1227 913 1338 1010 Papa,
1362 912 1473 986 soient
1487 914 1675 1003 'reservari,
1695 915 1840 1004 totiens,
1866 941 1971 1013 quo·

652 1008 757 1082 tiens
782 1011 816 1083 id
837 1009 1010 1107 petierint,
1029 1007 1277 1082 absolutionem
1297 1008 1488 1104 impartire,
1508 1034 1549 1082 ac
1572 1011 1808 1106 poenirentiam
1835 1013 1970 1089 salun-

671 1126 744 1177 rem
764 1106 953 1212 injungere.
1001 1106 1056 1178 Ac
1071 1127 1293 1203 quacunque
1309 1124 1393 1174 iuiic
1406 1128 1465 1201 per
1480 1129 1540 1176 eos
1554 1104 1674 1177 emissa
1686 1126 1764 1178 vota
1781 1106 1972 1194 (ultrama-

652 1198 768 1288 ·rino,
793 1198 955 1300 ingressus
978 1199 1172 1297 religionis,
1197 1223 1239 1270 ac
1253 1199 1411 1271 castitatis
1426 1200 1517 1270 votis
1538 1199 1702 1271 duntaxat
1718 1203 1894 1296 exceptis)
1924 1204 1972 1278 iit

653 1291 734 1366 -blia
749 1293 879 1390 pietatis
888 1316 991 1390 opeta
1000 1315 1233 1366 commutate:
1283 1300 1405 1365 Omnia
1417 1299 1538 1390 insuper
1546 1306 1729 1382 juramenta
1743 1305 1775 1366 iii
1787 1298 1970 1390 quibusvis

661 1389 898 1478 eontraslibut,
913 1386 1178 1480 instrumentis&
1188 1387 1425 1489 'obligationibus
1438 1395 1668 1488 (preterquam
1680 1395 1791 1486 infero
1802 1401 1967 1482 Cernere)

654 1489 837 1557 ›retaxms
888 1483 934 1555 Et
953 1483 997 1557 ab
1011 1483 1160 1573 eisdem,
1182 1508 1324 1556 necnon
1341 1481 1362 1556 i
1383 1506 1598 1581 quocunque
1615 1486 1768 1583 perjurio
1781 1485 1969 1563 absolvere

656 1578 790 1653 valeat.
837 1577 1003 1653 Similiter
1030 1576 1161 1678 praefati
1183 1580 1374 1677 eligentes,
1409 1581 1797 1680 Quadrigefimalibus,
1822 1586 1865 1658 ts
1886 1588 1971 1658 aliie

658 1673 858 1770 ‘uripmbrer
871 1674 1051 1772 prohibitis,
1071 1684 1156 1761 ovis,
1176 1674 1303 1774 butyro,
1315 1678 1425 1768 'cafeo,
1445 1681 1486 1754 ῥ’
1504 1681 1577 1748 aliis
1592 1682 1778 1764 lesliciniis,
1803 1703 1843 1748 ac
1858 1687 1968 1752 etim

659 1770 821 1842 erroribus
838 1773 877 1841 de
897 1778 1066 1866 utriusque
1085 1770 1215 1842 Medici
1232 1778 1367 1867 confilio,
1392 1771 1461 1862 uti,
1485 1773 1573 1859 siui,
1595 1770 1702 1860 vesci,
1725 1772 1848 1858 libere,
1869 1772 1908 1845 ἃ
1923 1774 1971 1846 li·

663 1864 755 1952 ciis,
777 1865 1473 1962 &absqueconscientiaeseruplopossini.
1522 1868 1969 1962 Necnonomnitempoie

671 1960 769 2044 anni,
789 1959 889 2031 etiam
907 1959 942 2031 in
958 1962 1013 2033 die
1031 1959 1215 2049 Paschaiis,
1238 1964 1275 2035 ὃ(
1295 1963 1328 2032 in
1342 1962 1462 2032 moitis
1472 1962 1617 2032 articulo
1634 1959 1721 2045 (fine
1735 1980 1847 2031 tamen
1860 1965 1968 2036 Rec-

656 2051 756 2124 toris
773 2054 811 2125 &
831 2054 962 2149 proprii
983 2053 1107 2127 Curari
1125 2055 1345 2150 praejudicio)
1372 2053 1595 2124 Eucharistiae
1614 2055 1859 2125 sicramentum
1881 2058 1973 2133 ubi.

659 2163 810 2239 cunque
823 2148 1009 2232 voluerint,
1031 2149 1068 2216 &
1080 2145 1323 2241 dquocunque
1337 2144 1561 2241 Presbytero,
1582 2142 1722 2217 seculari
1735 2147 1788 2217 vel
1809 2154 1972 2244 regulari

659 2236 798 2311 ‘devote
819 2238 999 2332 suscipere:
1050 2247 1094 2307 Et
1102 2241 1258 2335 fiperfone
1272 2237 1402 2309 Nobiles
1413 2263 1470 2309 aut
1486 2239 1661 2340 Presbyteri
1672 2247 1837 2310 extiterint
1850 2244 1970 2326 altare

659 2334 848 2433 portatile,
866 2334 962 2430 quod
975 2357 1061 2405 eum
1073 2333 1188 2406 debita
1204 2335 1389 2429 reverentia
1405 2336 1442 2408 &
1462 2337 1591 2409 bonore
1604 2334 1782 2424 retineant,
1804 2333 1972 2435 &super

659 2443 670 2477 ‘
698 2452 745 2502 uo
761 2429 795 2499 in
814 2429 898 2500 locis
914 2430 955 2501 ad
972 2430 1043 2502 'hoc
1056 2432 1327 2530 congruentibus
1343 2430 1380 2502 ἂ
1397 2429 1562 2519 honestis,
1582 2433 1683 2504 etiam
1699 2455 1768 2503 non
1782 2429 1898 2522 sacris,
1922 2439 1969 2513 &

670 2446 1122 2615 {eclesiastioointerdistm
1144 2526 1338 2626 generali&
1353 2522 1502 2622 speciali,
1523 2547 1592 2601 tam
1613 2526 1827 2622 Apostolica,
1850 2550 1966 2624 quam

669 2619 838 2693 ordinaria
848 2619 1051 2696 authoritate
1062 2621 1241 2720 suppositis
1254 2619 1462 2713 (dummodo
1473 2623 1670 2717 hujusmodi
1683 2621 1863 2696 interdislo
1876 2650 1968 2700 cau·

671 2713 740 2790 sam
753 2740 822 2789 non
838 2716 1006 2808 dederint)
1027 2717 1261 2792 habereetiam
1273 2737 1455 2814 antequam
1470 2720 1636 2794 elucescat
1647 2718 1717 2791 dies
1731 2720 1835 2804 (circa
1847 2740 1966 2800 tamen

663 2811 831 2886 diurnam
855 2813 985 2905 lucem)
1004 2814 1039 2886 in
1061 2812 1118 2888 sua
1134 2812 1338 2901 acsuorum
1355 2816 1622 2888 domesticorum
1641 2813 1836 2910 praesentia,
1857 2815 1963 2912 juxta

672 2905 820 2981 sormam
831 2910 994 3006 capituli,
1018 2909 1137 2999 Alma,
1157 2910 1200 2983 de
1210 2908 1759 2997 sententiaexcommunicationis,
1782 2909 1966 2988 librosex=

614 3013 619 3024 '
673 3018 734 3074 to:
766 3002 883 3075 Missas
907 3007 944 3078 &
966 3005 1029 3076 ilia
1044 3005 1159 3076 divina
1175 3003 1288 3077 officia
1304 3027 1364 3101 per
1386 3002 1419 3078 se
1436 3004 1545 3101 ipsos,
1570 3007 1632 3104 qui
1650 3006 1845 3104 Presbyteri
1864 3006 1964 3100 sunt,

672 3115 734 3166 aut
751 3119 815 3188 pro
827 3116 980 3191 tempore
994 3118 1111 3187 erunt,
1132 3098 1318 3186 celebrare,
1344 3099 1400 3173 seu
1417 3125 1476 3196 per
1492 3101 1576 3172 alios
1594 3101 1778 3174 sacerdotes
1796 3101 1962 3177 celebrari

663 3184 791 3262 sioere.
840 3191 1019 3287 Tempore
1036 3215 1178 3292 quoque
1195 3194 1366 3269 interdisli
1387 3193 1579 3270 istiusmodi
1591 3195 1716 3269 divinis
1727 3195 1895 3286 intercise,
1923 3202 1964 3276 ὃς

671 3302 793 3353 eorum
806 3304 949 3380 corpora
963 3298 972 3369 t
980 3285 1047 3362 liiie
1059 3287 1201 3363 suiierali
1214 3311 1324 3364 tamen
1339 3309 1480 3389 pompa)
1497 3291 1738 3367 Ecclesiasticae
1749 3291 1833 3365 tradi
1848 3291 1964 3387 sepul.

671 3391 772 3449 tutae.
821 3389 876 3453 Ac
894 3382 1023 3457 demum
1040 3408 1082 3457 tot
1101 3392 1139 3465 ὠ·
1151 3391 1261 3469 similet
1275 3387 1490 3486 Indulgentiar
1503 3393 1543 3464 rs*
1550 3410 1747 3481 peccatorum
1757 3387 1966 3483 remifflones‚

672 3478 918 3577 quasfiſsngulis
929 3481 1038 3553 diebus
1051 3481 1391 3580 Qadrageſsmasibus
1404 3488 1443 3558 ω’·
1456 3491 1549 3551 torius
1563 3488 1638 3549 anni
1645 3485 1781 3576 fingulas
1798 3481 1885 3547 dieta
1904 3512 1967 3555 no.

672 3566 719 3637 bit
733 3576 773 3646 (θ’
791 3597 886 3645 extra
903 3583 1079 3670 Ecclestas,
1100 3603 1164 3672 que
1179 3577 1296 3651 Chrisi
1305 3575 1457 3669 fidelibus
1469 3597 1589 3672 propter
1597 3573 1746 3655 stationes
1762 3571 1848 3640 ditia
1867 3576 1965 3651 urbi,

672 3669 890 3763 aeſjequendas,
919 3677 1048 3754 vt'firare
1061 3673 1181 3763 solent,
1203 3671 1418 3766 personaliter
1437 3670 1630 3751 visitarent,
1650 3665 1796 3758 aliquam
1816 3665 1870 3736 vel
1898 3672 1966 3747 ali.

660 3781 757 3865 ⁴quas
778 3761 960 3836 Ecclesiam
980 3765 1035 3834 vel
1054 3763 1235 3857 Ecclesias,
1252 3761 1511 3865 juxtaejusdem
1526 3762 1563 3833 N
1569 3757 1660 3831 uncii
1673 3759 1709 3831 ὅ(
1721 3762 1963 3861 commissus,

671 3858 730 3929 seu
748 3857 947 3955 deputandi,
970 3858 1024 3930 vel
1041 3860 1314 3954 deputandorum
1328 3879 1403 3945 ,aut
1415 3855 1744 3971 subdelegandoruni
1762 3856 1806 3928 ab
1821 3883 1862 3931 eo
1875 3886 1961 3957 pro-

669 3953 785 4024 vidam
798 3951 1041 4027 ordinationem
1054 3955 1153 4051 super
1170 3957 1237 4028 hoc
1248 3954 1431 4028 faciendam
1446 3953 1571 4026 devote
1589 3949 1772 4042 visitando,
1783 3959 1822 4030 (r
1837 3964 1870 4025 in
1882 3984 1959 4053 cap.

671 4047 706 4119 iss
721 4050 837 4142 (NB.)
847 4048 894 4122 *ad
904 4048 1179 4149 hreinfirbstdirim
1193 4051 1281 4122 disse
1287 4050 1438 4148 fabrice,
1455 4061 1528 4148 piar
1538 4051 1734 4150 eleemospitas
1744 4052 1957 4145 ffsualirer

1880 4172 1957 4244 rvr·
