4884 5042
521 632 535 649 ‚
712 580 1491 678 ,RENOVA'TL
1751 605 1820 681 223

512 709 573 782 stae
601 707 902 802 Vindelicorum,
937 733 1009 808 quo
1037 711 1074 782 ὃς
1100 710 1228 783 LEO
1251 708 1302 781 X.
1338 709 1517 810 Legatum
1547 707 1675 784 deinde
1698 708 1819 793 misit,

511 807 698 880 Thomam
724 815 916 898 Cajetanum
942 808 1181 880 Cardinalem.
1209 814 1259 900 (a)
1313 805 1358 877 Ei
1382 811 1576 882 conventui
1600 807 1817 907 Septemvitl

438 940 440 945 v
510 905 694 1002 Principes
710 929 833 979 omnes
851 906 1016 999 aderant,
1042 907 1104 1004 qui
1119 927 1271 1004 propter
1285 907 1344 1001 jus
1362 905 1502 978 creandi
1521 907 1671 980 Caesaris
1690 905 1818 980 dicun·
1854 968 1859 971 .

510 1021 570 1076 tur
598 1003 793 1077 Eledtores.
852 1006 912 1077 De
935 1003 1032 1077 bello
1059 1005 1226 1077 Turcico
1242 1002 1477 1078 deliberatum
1495 1004 1554 1076 hic
1573 1004 1656 1077 fuit.
1715 1006 1817 1077 Nam

507 1101 717 1173 ‘furcarum
745 1100 866 1175 Caesat
890 1101 1076 1200 Selymus,
1109 1101 1254 1175 devido
1277 1124 1392 1201 nuper
1418 1099 1588 1192 Sultano,
1623 1101 1761 1200 Syriam
1779 1103 1818 1177 &

510 1198 719 1297 AEgyptum
742 1201 779 1270 in
804 1197 898 1272 suam
926 1199 1100 1274 ditionem
1119 1202 1317 1299 redegerat.
1376 1199 1570 1298 Cajetanus
1583 1218 1701 1273 autem
1721 1201 1817 1272 Ora·

514 1297 652 1368 tionem
689 1295 815 1370 habuit
844 1298 1155 1392 exhortatoriam,
1187 1299 1225 1372 &
1250 1296 1439 1372 Pontificio
1467 1295 1614 1368 nomine
1638 1294 1818 1369 thesauros

510 1392 691 1468 Ecclesrae·
704 1394 888 1493 pollicitus
903 1397 940 1467 in
959 1397 1029 1469 hoc
1050 1397 1208 1489 bellum,
1236 1395 1531 1470 Maximilianum
1550 1390 1750 1484 Caesarem,
1775 1410 1819 1466 ut

511 1490 687 1565 Ecclesiae
711 1490 930 1566 defensorem
942 1544 959 1584 ,.
989 1493 1033 1564 d'e
1058 1495 1200 1569 auxiliis
1221 1492 1450 1590 implorabat.
1502 1489 1562 1564 Ad
1587 1491 1658 1565 hoc
1676 1504 1820 1588 tempus

411 1652 415 1660 .
511 1586 593 1660 Leo
610 1589 662 1660 X.
688 1588 915 1663 Cardiualem
940 1591 1077 1663 creavit
1100 1590 1427 1690 Archiepiscopum
1457 1590 1723 1689 Moguntinum
1750 1587 1818 1660 ΑΙ·Ι

511 1683 677 1778 bertum,
701 1689 739 1760 ἃ
759 1686 830 1758 hoc
846 1687 885 1758 in
900 1706 1104 1783 conventu,
1147 1715 1186 1763 er
1203 1691 1419 1788 Cajetanum
1437 1688 1639 1858 inaugurari
1644 1685 1750 1786 jubet
1759 1701 1820 1758 ce·'

511 1783 687 1872 remoniis,
699 1783 737 1857 δε
755 1781 857 1856 sacris
877 1785 916 1856 itt
930 1808 969 1858 ea
987 1809 1024 1859 re
1042 1715 1232 1861 consstetis.
1290 1787 1411 1862 Caesat
1427 1786 1510 1861 dein
1535 1810 1557 1858 e
1573 1810 1710 1860 novum
1730 1784 1822 1859 Cat·

513 1878 667 1953 dinalem
687 1878 710 1953 e*
725 1882 864 1979 templo
884 1882 1034 1957 domum
1051 1886 1213 1980 reducit,
1239 1911 1281 1960 ac
1296 1894 1442 1971 munera
1459 1885 1595 1977 mittit,
1617 1884 1752 1981 regiam
1769 1881 1821 1955 le·

512 1975 665 2072 sticam,
693 1981 868 2076 equos&
895 1979 1246 2079 stragulam'vestem
1275 1985 1448 2076 multam,
1483 1981 1588 2057 valde
1605 1980 1818 2079 pretiosam:

512 2075 684 2151 Pontifex
710 2095 830 2150 autem
849 2078 946 2153 dono
964 2079 1071 2155 dabat
1088 2083 1246 2179 pileum,
1280 2106 1390 2175 auro,
1449 2080 1576 2153 emmis
1593 2081 1631 2152 dt
1650 2075 1823 2176 margari-

513 2175 560 2247 tis
581 2176 787 2270 intextum,
821 2177 858 2251 δι
881 2175 998 2250 ensem
1025 2179 1190 2253 deaurata
1206 2181 1349 2279 vagina.
1401 2105 1502 2250 isam
1520 2176 1682 2275 plerique
1698 2190 1823 2249 omnes

515 2271 688 2372 Episcopi
715 2275 945 2369 Germaniae,
979 2294 1052 2349 tam
1078 2278 1222 2351 civilem
1248 2302 1354 2373 quam
1373 2271 1823 2367 EcclesiasticamJurisdi·

514 2369 670 2440 &ionem
696 2371 877 2445 obtinent.
930 2375 1043 2445 Hunc
1068 2396 1187 2448 autem
1214 2375 1389 2447 honorem
1415 2373 1447 2444 ei
1465 2370 1629 2447 detulisse
1645 2371 1726 2444 Leo
1745 2392 1823 2444 cre·

515 2463 640 2552 ditur,
677 2479 719 2532 ut
743 2465 905 2536 Ecclesia
932 2469 1101 2539 Romana
1122 2469 1342 2542 defensorem
1368 2470 1516 2543 habetet
1540 2470 1578 2542 in
1605 2468 1821 2560 Germania,

514 2555 705 2633 nobilitate
730 2560 870 2653 generis
893 2559 932 2632 ὅ(
957 2561 1135 2658 dignitate
1151 2561 1400 2657 conspicuum.
1451 2567 1597 2637 Etenim
1613 2566 1700 2640 licet
1719 2561 1824 2663 Epis·

513 2657 599 2754 cipi
618 2655 686 2729 stnt
702 2677 826 2727 omnes
845 2653 972 2729 fide&
986 2657 1220 2756 jute'urando
1235 2656 1393 2731 devinffi
1411 2658 1526 2731 Rom.
1544 2662 1740 2753 Pontifici,
1765 2680 1831 2734 ta·-

515 2778 599 2827 men
620 2754 682 2848 hi,
716 2752 778 2850 qui
798 2751 969 2836 dicuntur
986 2681 1215 2847 Cardinales‚
1248 2755 1366 2826 multo
1381 2754 1461 2827 sunt
1479 2753 1531 2825 illi
1551 2757 1664 2922 magis
1678 2759 1821 2855 obliga·

516 2854 566 2927 ti:
599 2848 744 2940 Deinde
770 2875 843 2925 non
870 2846 1081 2952 ignorabat,
1115 2871 1290 2950 quantum
1319 2852 1379 2922 hic
1397 2850 1512 2948 poss'et
1530 2850 1617 2921 inre
1644 2876 1683 2923 us
1699 2855 1821 2948 Impe-

427 2961 430 2966 '
484 3014 487 3022 .
513 2950 659 3050 rii',qui
676 2947 886 3047 Principum
908 2948 1116 3025 Eleslorum
1132 2948 1218 3024 esset
1235 2950 1398 3047 primus,
1419 2973 1461 3022 ac
1471 2946 1584 3024 veluti
1594 2947 1822 3044 Consulpet·

501 3096 509 3110 ι
541 3069 663 3143 etuus,
696 3048 841 3147 antiqua
864 3048 1128 3124 consuetudine.
1182 3047 1477 3141 Maximilianus,
1508 3045 1554 3118 de
1578 3045 1833 3125 controversa=

551 3147 669 3220 utheri
692 3148 825 3220 certior
849 3146 982 3244 ladius,
1016 3145 1183 3248 Augusto
1207 3143 1325 3222 mense
1348 3145 1410 3221 dat
1432 3147 1573 3221 Literas
1590 3145 1640 3240 (bl
1660 3144 1708 3239 ad,
1722 3144 1820 3217 Leo·

514 3268 617 3320 nem:
653 3242 773 3315 audire
790 3246 874 3342 sese,
907 3245 1211 3343 quemadmodum
1241 3245 1425 3319 Lutherus
1450 3243 1566 3318 multa
1579 3242 1766 3342 disputarit
1783 3240 1831 3319 δι.

514 3369 584 3444 pro
611 3344 787 3419 concione
810 3345 965 3441 dixerit,
995 3351 1030 3418 in
1055 3341 1175 3444 quibus
1195 3347 1349 3444 pleraque
1374 3343 1553 3418 videantur
1571 3343 1628 3438 effe
1654 3342 1822 3434 heretica,

450 3475 461 3482 ·
502 3434 589 3515 'hoc
615 3468 658 3516 eo
682 3442 795 3540 magis
820 3442 941 3515 dolere
968 3442 1053 3536 fibi,
1083 3441 1158 3541 quo
1183 3442 1401 3543 pertinacius
1427 3442 1487 3515 ille
1509 3440 1605 3515 suam
1624 3440 1833 3516 dosttinam·

517 3538 707 3634 defendat,
738 3542 776 3616 ὃ(
800 3566 881 3639 quo<
899 3542 1017 3641 plures
1042 3541 1170 3615 habere
1194 3542 1336 3615 dicatur
1349 3539 1494 3613 suorum
1511 3562 1671 3612 errorum
1688 3563 1821 3639 appro-

518 3636 682 3730 batores,
714 3641 751 3711 ὃ(
778 3639 896 3714 inhia
914 3640 1058 3740 quidem
1078 3639 1270 3713 nonnullos
1287 3638 1408 3738 magni
1425 3638 1602 3712 nominis:
1636 3637 1824 3726 hortatur,

520 3756 563 3807 ut
588 3735 681 3836 ipse,
718 3760 787 3847 pro
810 3738 891 3833 sua,
923 3762 1029 3839 quam
1049 3738 1197 3832 habeat,
1231 3738 1408 3836 'potestate
1425 3734 1581 3830 summa,
1613 3733 1836 3833 quaestiones-

521 3857 645 3909 omnes
669 3831 802 3910 octosas
828 3837 1032 3912 &inutiles
1058 3834 1260 3930 rescindat,
1301 3848 1448 3908 omnem
1474 3858 1618 3937 quoque
1646 3827 1823 3930 sophisti-

1589 3959 1591 3963 ·
1749 3947 1840 4000 eam:

412 4211 418 4222 ,
564 4137 618 4215 sal
638 4113 939 4218 etiamtum.
959 4141 1159 4229 p.3.b.·&4.
1181 4141 1274 4227 eujnt
1289 4110 1578 4210 hnceslneietin.v
1614 4177 1616 4180 -
1652 4198 1655 4205 ,
1757 4168 1759 4172 ·

568 4220 617 4309 (b)
638 4223 703 4293 tid.
717 4243 826 4295 notata
837 4223 877 4292 td
891 4243 958 4314 pag.
973 4225 1178 4312 supniotem.
