4884 5042
622 576 691 657 ωε
825 567 1206 652 Hrsronrn
1258 530 2014 682 nvnNou.L11n.1s2i.-'

624 689 798 770 miscuum
837 688 903 766 fibi
935 688 1092 762 facerent
1118 686 1231 759 carnis
1258 686 1390 780 usum,
1427 686 1550 762 diebus
1574 692 1681 764 etiam
1709 696 1923 793 prohibitis:

622 790 772 888 Rogare
801 787 971 884 proinde,
1005 802 1045 856 ut
1072 807 1218 878 poenam
1241 783 1370 857 talibus
1396 782 1605 882 designent,
1640 792 1755 866 donec
1778 793 1879 871 aliter
1903 799 1925 870 :t

624 883 862 997 superioribus
887 880 1168 980 prospiceretur:
1196 880 1247 952 Et
1264 881 1435 992 agebatur
1454 881 1490 952 in
1508 884 1578 956 hoc
1596 886 1926 1001 scriptoreusprae·

625 1006 732 1080 cipue
749 979 983 1077 Chrestophorus
1000 977 1248 1069 Froschonernr,
1283 977 1428 1078 mfignis
1445 978 1505 1050 ille
1523 1002 1629 1078 atque
1647 1010 1783 1082 primus
1802 995 1851 1063 Ti
1882 1018 1925 1066 u.

624 1079 784 1156 rinorum
811 1077 1104 1180 Typographus,
1136 1076 1198 1245 gui
1223 1075 1368 1173 prolixo
1390 1075 1505 1148 statim
1524 1076 1658 1177 scripto
1677 1087 1725 1178 (a)
1747 1018 1927 1186 ostendit,

565 1203 569 1211 ·
623 1199 698 1255 non
714 1172 990 1253 detred'taturum
1008 1170 1133 1248 semul
1173 1197 1252 1266 am,
1279 1171 1327 1264 st,
1353 1173 1390 1245 in
1406 1172 1501 1273 leges
1520 1175 1578 1248 vel
1596 1176 1732 1257 divinas
1751 1185 1808 1259 vel
1826 1188 1922 1283 poli.

624 1272 711 1345 tices
743 1269 901 1368 peccalle
926 1269 1095 1348 convinci
1120 1268 1247 1367 pollet.
1305 1269 1468 1346 Familiae
1493 1276 1708 1367 autemsuae
1738 1282 1776 1356 ὃ(
1799 1308 1822 1354 o
1850 1310 1926 1364 ern.

622 1367 1075 1468 rum‘typographicarum
1100 1367 1274 1441 rationem
1303 1391 1377 1439 non
1394 1371 1623 1478 permittere'3
1654 1396 1695 1450 ut
1710 1380 1807 1476 quod
1865 1407 1926 1456 eus

625 1466 730 1564 Lege
746 1466 806 1544 sua
822 1464 956 1563 ubique
971 1459 1208 1559 conceffiffet,
1232 1463 1471 1564 superstitioso
1493 1468 1754 1550 Ecclefiasticae
1771 1477 1925 1575 potesta·

624 1565 669 1639 tis
687 1563 788 1641 cultu
805 1564 891 1660 eripi
915 1561 978 1637 fibi
997 1579 1190 1659 pateretur.
1813 1587 1816 1591 ·

502 1727 510 1734 ,
658 1674 691 1751 §-
707 1661 860 1733 CXHI.
880 1656 1014 1756 Neque
1031 1659 1111 1731 haec
1131 1656 1219 1734 adeb
1239 1657 1343 1733 facile
1361 1661 1547 1762 consopita
1563 1664 1606 1738 lis
1623 1665 1695 1759 est,
1713 1671 1800 1768 quin
1809 1671 1924 1748 ansam

651 1759 745 1832 otius
768 1754 1074 1847 subministravit,
1116 1755 1237 1854 primb
1263 1759 1433 1856 quidem,
1472 1766 1623 1857 colloquio
1648 1770 1809 1842 omnium
1821 1782 1932 1866 prim

622 1785 850 1952 {winglium
869 1854 962 1927 inter
978 1851 1016 1926 &
1032 1852 1118 1946 Joh.
1139 1854 1169 1927 F
1171 1854 1297 1933 abtum
1314 1856 1461 1951 habito,
1480 1861 1609 1958 quodi
1627 1861 1926 1944 ZWlNGLIO
2035 1915 2042 1931 ·

622 1950 701 2053 ipso
724 1951 768 2024 ad
796 1951 845 2027 V.
874 1952 926 2028 D.
951 1950 1126 2044 Erasmum
1141 1950 1333 2027 Fabricium
1350 1952 1401 2027 est
1419 1953 1658 2052 descriptum,
1694 1959 1743 2052 (b)
1762 1962 1931 2066 deinceps

622 2047 857 2140 verbenam,
883 2046 1029 2142 libello,
1055 2074 1160 2146 quem
1177 2051 1269 2122 inter
1278 2048 1572 2145 reliquascripta,
1595 2052 1751 2145 primum
1763 2062 1928 2151 publica·

624 2149 680 2223 vit
713 2145 930 2246 Zwinglius.
993 2145 1108 2242 Qrod
1134 2149 1333 2243 colloquium
1357 2141 1445 2216 illud
1470 2149 1683 2241 concernit,
1726 2153 1758 2223 E
1787 2154 1928 2253 iscopue

625 2241 905 2323 Constantienfis
932 2243 1071 2343 Hugo,
1106 2242 1214 2314 trium
1242 2241 1432 2315 dobborum
1448 2241 1685 2342 legationem,
1722 2178 1836 2341 (clad
1856 2256 1927 2325 Ti.

677 2344 795 2435 rinos,
825 2339 898 2414 und
923 2363 1004 2413 eum
1030 2338 1198 2438 paraenefi
1227 2340 1270 2411 ad
1296 2341 1468 2412 Senatum
1492 2342 1784 2443 Canonicorum‚
1819 2373 1926 2446 quem

652 2455 680 2535 ‘a
709 2442 838 2514 itulum
864 2455 1019 2529 vocant,
1050 2439 1221 2530 mittere,'
1247 2437 1307 2537 qui
1334 2435 1479 2511 eandem
1507 2437 1628 2535 illam,
1663 2445 1768 2540 quam
1787 2446 1931 2545 plebani

623 2539 662 2614 in
695 2543 868 2630 ituerant,
893 2553 1062 2705 urgerent
1079 2532 1279 2629 actionem,
1312 2552 1419 2704 atgue
1433 2534 1505 2609 litis
1522 2537 1815 2617 contestationem
1836 2545 1930 2619 face·

623 2658 724 2714 rent:
752 2637 863 2710 Erant
882 2635 919 2709 hi
953 2657 972 2706 e
999 2636 1070 2728 ati,
1097 2634 1258 2728 Johannes
1275 2631 1332 2731 (d)
1386 2634 1514 2709 ABRI
1534 2636 1738 2712 TheolD.
1760 2645 1796 2716 &
1817 2643 1929 2717 Vica-

536 2749 539 2754 '
624 2737 697 2813 rius
725 2735 1025 2824 Constantien1s‚
1059 2733 1224 2826 Johanner
1249 2731 1365 2806 VAN
1372 2731 1412 2804 N
1419 2731 1560 2808 ERUS
1581 2736 1809 2838 Evangelista
1825 2741 1928 2815 Con·

625 2833 843 2928 stantienfis‚
868 2831 946 2906 satis
962 2830 1207 2925 Christianus,
1235 2853 1412 2928 quemque
1428 2829 1582 2905 invitum
1594 2833 1679 2906 huic
1688 2835 1932 2912 dicuntinter·

623 2931 726 3007 fuisse
757 2935 937 3032 negotio,
981 2930 1019 3005 ὃ(
1054 2929 1109 3001 Ν.
1135 2926 1446 3020 BRENLIUS,
1490 2930 1663 3005 Eremita.
1720 2936 1773 3007 Hi
1807 2938 1930 3032 postea

624 3055 728 3128 quam
757 3030 934 3129 querelam
957 3024 1051 3095 suam
1077 3024 1333 3115 instituerant5
1366 3024 1529 3099 adversus
1555 3051 1644 3122 eos,
1675 3031 1735 3128 qui
1763 3036 1927 3107 omnium

524 3149 526 3153 ’
623 3131 898 3203 cerimoniarum
925 3117 1024 3191 usum
1047 3118 1259 3219 abrogatum
1284 3120 1440 3218 vellent,
1475 3148 1558 3198 curn
1585 3130 1790 3203 cerimoniae
1809 3151 1929 3206 tamen

553 3258 555 3264 ·
622 3226 730 3301 effent
749 3216 980 3296 manudueiio
995 3213 1037 3286 ad
1056 3216 1228 3311 virtutes,
1247 3221 1333 3317 quin
1350 3221 1425 3292 imo
1469 3224 1926 3299 rovirtutumfonteeffent

621 3318 853 3420 reputandae,
885 3332 993 3410 atque
1017 3313 1178 3389 adversus
1200 3341 1282 3411 eos,
1314 3342 1401 3416 quos
1425 3245 1592 3393 «licebant
1617 3320 1792 3393 doeirinas
1814 3344 1925 3391 novas

622 3416 809 3492 irritabiles
826 3437 866 3486 ac
881 3411 1057 3490 seditiosas
1073 3413 1220 3509 docere,
1254 3414 1386 3513 porrb,
1417 3415 1581 3490 adversus
1594 3439 1675 3509 eos,
1703 3417 1768 3511 qui
1780 3414 1851 3584 seli
1868 3440 1923 3527 re·

1835 3539 1925 3612 rqurs

570 3714 576 3724 ·
663 3703 712 3784 (e)
735 3699 796 3766 vid.
811 3699 1052 3768 HOTTING.
1071 3706 1093 3765 l.
1109 3719 1137 3764 c.
1155 3718 1185 3781 p.
1203 3716 1275 3783 335.

662 3789 713 3868 (b)
736 3785 841 3870 Quam
864 3785 1102 3869 descriptionem
1125 3783 1347 3852 Monumeutis
1373 3785 1490 3870 pietatis
1513 3803 1551 3847 ac
1574 3785 1618 3847 rei
1642 3785 1782 3853 literariae
1800 3788 1871 3858 Pan
1888 3814 1923 3862 n,

619 3888 879 3955 p.19·31.,cum
901 3871 1057 3934 inseruerit
1082 3868 1153 3935 Cel.
1180 3866 1408 3947 mitulus,
1446 3867 1577 3932 eandem
1602 3869 1654 3933 sed
1678 3873 1921 3943 emendatiorem

620 3954 736 4037 longe,
762 3973 821 4019 nee
836 3970 882 4016 tot
900 3959 1030 4018 maculis
1046 3969 1139 4034 atque
1154 3950 1306 4018 erroribus
1325 3950 1544 4035 typographicis
1563 3953 1820 4040 conspurcatam,
1849 3961 1923 4029 huic

618 4036 671 4122 i'pti
688 4038 786 4121 Operi
800 4038 1031 4119 subjunximus,
1060 4057 1146 4103 num.
1163 4052 1230 4101 xxi.

661 4121 712 4204 (c)
731 4121 792 4187 vid.
811 4120 1025 4193 ZWINGL.
1045 4122 1235 4186 nectentes.
1253 4114 1456 4214 Oppa‘som.
1474 4136 1496 4184 ι.
1514 4137 1548 4204 p.
1567 4134 1640 4204 144,

656 4208 709 4292 (d)
727 4223 758 4274 v.
773 4201 1014 4276 HOTTlNG.
1030 4198 1242 4288 flumme.
1263 4199 1311 4267 T.
1329 4216 1379 4269 ru.
1399 4218 1431 4284 p.
1444 4215 1494 4284 77.
