<?xml version="1.0" encoding="UTF-8"?>
<!DOCTYPE html PUBLIC "-//W3C//DTD XHTML 1.0 Transitional//EN"
    "http://www.w3.org/TR/xhtml1/DTD/xhtml1-transitional.dtd">
<html xmlns="http://www.w3.org/1999/xhtml" xml:lang="en" lang="en">
 <head>
  <title>
</title>
<meta http-equiv="Content-Type" content="text/html;charset=utf-8" />
  <meta name='ocr-system' content='tesseract 3.04.00' />
  <meta name='ocr-capabilities' content='ocr_page ocr_carea ocr_par ocr_line ocrx_word'/>
</head>
<body>
  <div class='ocr_page' id='page_1' title='image "./introductioinhi00gerdgoog_0499.png"; bbox 0 0 4884 5042; ppageno 0'>
   <div class='ocr_carea' id='block_1_1' title="bbox 1152 552 1288 644">
    <p class='ocr_par' dir='ltr' id='par_1_1' title="bbox 1152 552 1288 644">
     <span class='ocr_line' id='line_1_1' title="bbox 1152 552 1288 644; baseline 0 -1"><span class='ocrx_word' id='word_1_1' title='bbox 1152 552 1288 644; x_wconf 71' lang='lat' dir='ltr'>(nt-I</span> 
     </span>
    </p>
   </div>
   <div class='ocr_carea' id='block_1_2' title="bbox 558 693 1861 1273">
    <p class='ocr_par' dir='ltr' id='par_1_2' title="bbox 578 693 1859 888">
     <span class='ocr_line' id='line_1_2' title="bbox 625 693 1859 795; baseline -0.002 -24"><span class='ocrx_word' id='word_1_2' title='bbox 625 698 673 772; x_wconf 91' lang='lat' dir='ltr'>V.</span> <span class='ocrx_word' id='word_1_3' title='bbox 696 698 784 795; x_wconf 91' lang='lat' dir='ltr'>Papa</span> <span class='ocrx_word' id='word_1_4' title='bbox 801 721 863 770; x_wconf 89' lang='lat' dir='ltr'>nec</span> <span class='ocrx_word' id='word_1_5' title='bbox 884 695 960 769; x_wconf 91' lang='lat' dir='ltr'>vult</span> <span class='ocrx_word' id='word_1_6' title='bbox 980 720 1042 770; x_wconf 89' lang='lat' dir='ltr'>nec</span> <span class='ocrx_word' id='word_1_7' title='bbox 1074 695 1182 790; x_wconf 87' lang='lat' dir='ltr'>potest</span> <span class='ocrx_word' id='word_1_8' title='bbox 1213 695 1299 767; x_wconf 86' lang='lat' dir='ltr'>uIIas</span> <span class='ocrx_word' id='word_1_9' title='bbox 1317 717 1436 784; x_wconf 80' lang='lat' dir='ltr'>poenas</span> <span class='ocrx_word' id='word_1_10' title='bbox 1455 693 1624 768; x_wconf 85' lang='lat' dir='ltr'>remittere</span> <span class='ocrx_word' id='word_1_11' title='bbox 1643 712 1859 791; x_wconf 72' lang='lat' dir='ltr'>pratereas,</span> 
     </span>
     <span class='ocr_line' id='line_1_3' title="bbox 578 788 1834 888; baseline -0.006 -23"><span class='ocrx_word' id='word_1_12' title='bbox 578 817 666 888; x_wconf 88' lang='lat' dir='ltr'>quas</span> <span class='ocrx_word' id='word_1_13' title='bbox 677 792 816 864; x_wconf 89' lang='lat' dir='ltr'>arbitrio</span> <span class='ocrx_word' id='word_1_14' title='bbox 833 792 886 864; x_wconf 86' lang='lat' dir='ltr'>vel</span> <span class='ocrx_word' id='word_1_15' title='bbox 901 791 961 862; x_wconf 89' lang='lat' dir='ltr'>suo</span> <span class='ocrx_word' id='word_1_16' title='bbox 981 791 1035 864; x_wconf 91' lang='lat' dir='ltr'>vel</span> <span class='ocrx_word' id='word_1_17' title='bbox 1052 815 1220 862; x_wconf 89' lang='lat' dir='ltr'>canonum</span> <span class='ocrx_word' id='word_1_18' title='bbox 1242 788 1413 886; x_wconf 79' lang='lat' dir='ltr'>imposuit.</span> <span class='ocrx_word' id='word_1_19' title='bbox 1832 860 1834 867; x_wconf 75' lang='grc'>,</span> 
     </span>
    </p>

    <p class='ocr_par' dir='ltr' id='par_1_3' title="bbox 558 882 1861 1171">
     <span class='ocr_line' id='line_1_4' title="bbox 626 882 1861 984; baseline -0.002 -24"><span class='ocrx_word' id='word_1_20' title='bbox 626 889 688 960; x_wconf 91' lang='lat' dir='ltr'>VI.</span> <span class='ocrx_word' id='word_1_21' title='bbox 715 889 806 984; x_wconf 86' lang='lat' dir='ltr'>Papa</span> <span class='ocrx_word' id='word_1_22' title='bbox 819 911 887 957; x_wconf 90' lang='lat' dir='ltr'>nou</span> <span class='ocrx_word' id='word_1_23' title='bbox 902 888 1010 981; x_wconf 91' lang='lat' dir='ltr'>potest</span> <span class='ocrx_word' id='word_1_24' title='bbox 1028 886 1194 959; x_wconf 85' lang='lat' dir='ltr'>remittere</span> <span class='ocrx_word' id='word_1_25' title='bbox 1206 885 1311 955; x_wconf 85' lang='lat' dir='ltr'>ullam</span> <span class='ocrx_word' id='word_1_26' title='bbox 1331 884 1486 977; x_wconf 88' lang='lat' dir='ltr'>culpam,</span> <span class='ocrx_word' id='word_1_27' title='bbox 1509 882 1578 963; x_wconf 80' lang='lat' dir='ltr'>nisi¹</span> <span class='ocrx_word' id='word_1_28' title='bbox 1588 882 1790 957; x_wconf 86' lang='lat' dir='ltr'>declarando</span> <span class='ocrx_word' id='word_1_29' title='bbox 1802 902 1861 957; x_wconf 92' lang='lat' dir='ltr'>ant</span> 
     </span>
     <span class='ocr_line' id='line_1_5' title="bbox 573 977 1861 1087; baseline 0 -35"><span class='ocrx_word' id='word_1_30' title='bbox 573 1005 592 1052; x_wconf 94' lang='lat' dir='ltr'>a</span> <span class='ocrx_word' id='word_1_31' title='bbox 619 981 795 1087; x_wconf 91' lang='lat' dir='ltr'>probando</span> <span class='ocrx_word' id='word_1_32' title='bbox 812 981 1006 1052; x_wconf 87' lang='lat' dir='ltr'>remissama</span> <span class='ocrx_word' id='word_1_33' title='bbox 1020 980 1108 1053; x_wconf 86' lang='lat' dir='ltr'>Deo.</span> <span class='ocrx_word' id='word_1_34' title='bbox 1160 980 1232 1050; x_wconf 84' lang='lat' dir='ltr'>Aut</span> <span class='ocrx_word' id='word_1_35' title='bbox 1244 997 1333 1050; x_wconf 85' lang='lat' dir='ltr'>certe</span> <span class='ocrx_word' id='word_1_36' title='bbox 1350 977 1551 1048; x_wconf 89' lang='lat' dir='ltr'>remittendo</span> <span class='ocrx_word' id='word_1_37' title='bbox 1564 979 1659 1050; x_wconf 91' lang='lat' dir='ltr'>casus</span> <span class='ocrx_word' id='word_1_38' title='bbox 1678 978 1861 1072; x_wconf 88' lang='lat' dir='ltr'>reservatos</span> 
     </span>
     <span class='ocr_line' id='line_1_6' title="bbox 558 1005 1507 1171; baseline -0.007 -25"><span class='ocrx_word' id='word_1_39' title='bbox 558 1005 649 1163; x_wconf 73' lang='lat' dir='ltr'>siin,</span> <span class='ocrx_word' id='word_1_40' title='bbox 672 1074 800 1171; x_wconf 90' lang='lat' dir='ltr'>quibus</span> <span class='ocrx_word' id='word_1_41' title='bbox 815 1075 1017 1170; x_wconf 87' lang='lat' dir='ltr'>contemptis</span> <span class='ocrx_word' id='word_1_42' title='bbox 1039 1075 1139 1171; x_wconf 91' lang='lat' dir='ltr'>cqua</span> <span class='ocrx_word' id='word_1_43' title='bbox 1184 1071 1296 1145; x_wconf 85' lang='lat' dir='ltr'>torsus</span> <span class='ocrx_word' id='word_1_44' title='bbox 1313 1090 1507 1143; x_wconf 82' lang='lat' dir='ltr'>remaneret.</span> 
     </span>
    </p>

    <p class='ocr_par' dir='ltr' id='par_1_4' title="bbox 622 1163 1859 1273">
     <span class='ocr_line' id='line_1_7' title="bbox 622 1163 1859 1273; baseline -0.003 -31"><span class='ocrx_word' id='word_1_45' title='bbox 622 1170 715 1242; x_wconf 93' lang='lat' dir='ltr'><strong>VII..</strong></span> <span class='ocrx_word' id='word_1_46' title='bbox 729 1169 831 1240; x_wconf 83' lang='lat' dir='ltr'>Nulli</span> <span class='ocrx_word' id='word_1_47' title='bbox 845 1174 981 1273; x_wconf 78' lang='lat' dir='ltr'>prorsus</span> <span class='ocrx_word' id='word_1_48' title='bbox 999 1170 1138 1240; x_wconf 84' lang='lat' dir='ltr'>remittit</span> <span class='ocrx_word' id='word_1_49' title='bbox 1194 1191 1255 1239; x_wconf 86' lang='lat' dir='ltr'>eus</span> <span class='ocrx_word' id='word_1_50' title='bbox 1274 1167 1429 1271; x_wconf 76' lang='lat' dir='ltr'>culpam,</span> <span class='ocrx_word' id='word_1_51' title='bbox 1456 1165 1540 1260; x_wconf 91' lang='lat' dir='ltr'>quin</span> <span class='ocrx_word' id='word_1_52' title='bbox 1556 1163 1656 1236; x_wconf 87' lang='lat' dir='ltr'>simul</span> <span class='ocrx_word' id='word_1_53' title='bbox 1676 1187 1759 1236; x_wconf 92' lang='lat' dir='ltr'>eum</span> <span class='ocrx_word' id='word_1_54' title='bbox 1779 1166 1859 1249; x_wconf 83' lang='lat' dir='ltr'>sub·</span> 
     </span>
    </p>
   </div>
   <div class='ocr_carea' id='block_1_3' title="bbox 540 1259 1870 4007">
    <p class='ocr_par' dir='ltr' id='par_1_5' title="bbox 559 1259 1856 1547">
     <span class='ocr_line' id='line_1_8' title="bbox 570 1259 1788 1356; baseline -0.004 -24"><span class='ocrx_word' id='word_1_55' title='bbox 570 1261 664 1356; x_wconf 86' lang='lat' dir='ltr'>jicrat</span> <span class='ocrx_word' id='word_1_56' title='bbox 678 1261 892 1334; x_wconf 87' lang='lat' dir='ltr'>humiliatum</span> <span class='ocrx_word' id='word_1_57' title='bbox 909 1287 943 1334; x_wconf 88' lang='lat' dir='ltr'>nr</span> <span class='ocrx_word' id='word_1_58' title='bbox 962 1261 1122 1334; x_wconf 91' lang='lat' dir='ltr'>omnibus</span> <span class='ocrx_word' id='word_1_59' title='bbox 1135 1261 1295 1335; x_wconf 86' lang='lat' dir='ltr'>sacerdoti</span> <span class='ocrx_word' id='word_1_60' title='bbox 1308 1259 1370 1332; x_wconf 90' lang='lat' dir='ltr'>suo</span> <span class='ocrx_word' id='word_1_61' title='bbox 1381 1259 1521 1331; x_wconf 87' lang='lat' dir='ltr'>vicario.</span> <span class='ocrx_word' id='word_1_62' title='bbox 1784 1338 1788 1347; x_wconf 32' lang='grc' dir='ltr'>Ι</span> 
     </span>
     <span class='ocr_line' id='line_1_9' title="bbox 559 1350 1856 1452; baseline -0.004 -23"><span class='ocrx_word' id='word_1_63' title='bbox 559 1408 562 1413; x_wconf 88' lang='lat'><em>-</em></span> <span class='ocrx_word' id='word_1_64' title='bbox 622 1357 720 1429; x_wconf 89' lang='lat' dir='ltr'><strong>VIII.</strong></span> <span class='ocrx_word' id='word_1_65' title='bbox 746 1357 902 1429; x_wconf 90' lang='lat' dir='ltr'>Canones</span> <span class='ocrx_word' id='word_1_66' title='bbox 921 1356 1165 1452; x_wconf 66' lang='lat' dir='ltr'>poenitentiales</span> <span class='ocrx_word' id='word_1_67' title='bbox 1184 1354 1293 1427; x_wconf 86' lang='lat' dir='ltr'>solum</span> <span class='ocrx_word' id='word_1_68' title='bbox 1312 1353 1507 1426; x_wconf 91' lang='lat' dir='ltr'>viventibus</span> <span class='ocrx_word' id='word_1_69' title='bbox 1524 1351 1600 1424; x_wconf 92' lang='lat' dir='ltr'>sunt</span> <span class='ocrx_word' id='word_1_70' title='bbox 1615 1350 1782 1448; x_wconf 85' lang='lat' dir='ltr'>impositi:</span> <span class='ocrx_word' id='word_1_71' title='bbox 1803 1352 1856 1424; x_wconf 90' lang='lat' dir='ltr'>ni-</span> 
     </span>
     <span class='ocr_line' id='line_1_10' title="bbox 571 1448 1495 1547; baseline -0.003 -26"><span class='ocrx_word' id='word_1_72' title='bbox 571 1448 662 1547; x_wconf 80' lang='lat' dir='ltr'>hin3</span> <span class='ocrx_word' id='word_1_73' title='bbox 688 1451 861 1523; x_wconf 88' lang='lat' dir='ltr'>morituris</span> <span class='ocrx_word' id='word_1_74' title='bbox 879 1450 1063 1523; x_wconf 81' lang='lat' dir='ltr'>secundum</span> <span class='ocrx_word' id='word_1_75' title='bbox 1082 1452 1215 1522; x_wconf 90' lang='lat' dir='ltr'>eosdem</span> <span class='ocrx_word' id='word_1_76' title='bbox 1233 1449 1332 1521; x_wconf 89' lang='lat' dir='ltr'>debet</span> <span class='ocrx_word' id='word_1_77' title='bbox 1356 1448 1495 1543; x_wconf 89' lang='lat' dir='ltr'>imponi.</span> 
     </span>
    </p>

    <p class='ocr_par' dir='ltr' id='par_1_6' title="bbox 578 1539 1862 1734">
     <span class='ocr_line' id='line_1_11' title="bbox 620 1539 1862 1639; baseline -0.001 -23"><span class='ocrx_word' id='word_1_78' title='bbox 620 1547 686 1618; x_wconf 90' lang='lat' dir='ltr'>IX.</span> <span class='ocrx_word' id='word_1_79' title='bbox 712 1546 791 1617; x_wconf 91' lang='lat' dir='ltr'>Inde</span> <span class='ocrx_word' id='word_1_80' title='bbox 808 1545 893 1617; x_wconf 88' lang='lat' dir='ltr'>bene</span> <span class='ocrx_word' id='word_1_81' title='bbox 910 1545 1007 1617; x_wconf 90' lang='lat' dir='ltr'>nobis</span> <span class='ocrx_word' id='word_1_82' title='bbox 1030 1544 1109 1616; x_wconf 86' lang='lat' dir='ltr'>facit</span> <span class='ocrx_word' id='word_1_83' title='bbox 1127 1552 1261 1639; x_wconf 77' lang='lat' dir='ltr'>Spiritus</span> <span class='ocrx_word' id='word_1_84' title='bbox 1276 1547 1411 1636; x_wconf 73' lang='lat' dir='ltr'>fianssus-</span> <span class='ocrx_word' id='word_1_85' title='bbox 1425 1548 1458 1611; x_wconf 83' lang='lat' dir='ltr'>in</span> <span class='ocrx_word' id='word_1_86' title='bbox 1483 1549 1589 1637; x_wconf 85' lang='lat' dir='ltr'>Papa,</span> <span class='ocrx_word' id='word_1_87' title='bbox 1606 1539 1808 1639; x_wconf 84' lang='lat' dir='ltr'>excipiendo</span> <span class='ocrx_word' id='word_1_88' title='bbox 1825 1541 1862 1616; x_wconf 89' lang='lat' dir='ltr'>in</span> 
     </span>
     <span class='ocr_line' id='line_1_12' title="bbox 578 1633 1546 1734; baseline -0.001 -28"><span class='ocrx_word' id='word_1_89' title='bbox 578 1639 645 1710; x_wconf 87' lang='lat' dir='ltr'>suis</span> <span class='ocrx_word' id='word_1_90' title='bbox 657 1641 797 1711; x_wconf 84' lang='lat' dir='ltr'>decretis</span> <span class='ocrx_word' id='word_1_91' title='bbox 810 1639 938 1734; x_wconf 87' lang='lat' dir='ltr'>semper</span> <span class='ocrx_word' id='word_1_92' title='bbox 954 1639 1136 1711; x_wconf 87' lang='lat' dir='ltr'>articulum</span> <span class='ocrx_word' id='word_1_93' title='bbox 1155 1639 1325 1710; x_wconf 89' lang='lat' dir='ltr'>mortis&amp;</span> <span class='ocrx_word' id='word_1_94' title='bbox 1343 1633 1546 1709; x_wconf 81' lang='lat' dir='ltr'>necessitatis.</span> 
     </span>
    </p>

    <p class='ocr_par' dir='ltr' id='par_1_7' title="bbox 571 1729 1859 1926">
     <span class='ocr_line' id='line_1_13' title="bbox 621 1729 1859 1829; baseline -0.001 -25"><span class='ocrx_word' id='word_1_95' title='bbox 621 1733 669 1804; x_wconf 92' lang='lat' dir='ltr'>X.</span> <span class='ocrx_word' id='word_1_96' title='bbox 693 1732 833 1805; x_wconf 68' lang='lat' dir='ltr'>Indoste</span> <span class='ocrx_word' id='word_1_97' title='bbox 851 1734 886 1806; x_wconf 89' lang='lat'>&amp;</span> <span class='ocrx_word' id='word_1_98' title='bbox 905 1733 991 1804; x_wconf 88' lang='lat' dir='ltr'>rnale</span> <span class='ocrx_word' id='word_1_99' title='bbox 1004 1733 1131 1807; x_wconf 89' lang='lat' dir='ltr'>saciunr</span> <span class='ocrx_word' id='word_1_100' title='bbox 1150 1731 1334 1804; x_wconf 79' lang='lat' dir='ltr'>sacerdotes</span> <span class='ocrx_word' id='word_1_101' title='bbox 1353 1731 1392 1820; x_wconf 91' lang='lat' dir='ltr'>ii,</span> <span class='ocrx_word' id='word_1_102' title='bbox 1416 1729 1479 1826; x_wconf 91' lang='lat' dir='ltr'>qui</span> <span class='ocrx_word' id='word_1_103' title='bbox 1495 1729 1670 1802; x_wconf 86' lang='lat' dir='ltr'>morituris</span> <span class='ocrx_word' id='word_1_104' title='bbox 1687 1730 1859 1829; x_wconf 87' lang='lat' dir='ltr'>poeniten-</span> 
     </span>
     <span class='ocr_line' id='line_1_14' title="bbox 571 1825 1696 1926; baseline 0 -28"><span class='ocrx_word' id='word_1_105' title='bbox 571 1825 632 1898; x_wconf 88' lang='lat' dir='ltr'>tias</span> <span class='ocrx_word' id='word_1_106' title='bbox 651 1827 825 1898; x_wconf 90' lang='lat' dir='ltr'>canonicas</span> <span class='ocrx_word' id='word_1_107' title='bbox 849 1829 882 1898; x_wconf 93' lang='lat' dir='ltr'>in</span> <span class='ocrx_word' id='word_1_108' title='bbox 904 1837 1124 1926; x_wconf 77' lang='lat' dir='ltr'>purgatorium</span> <span class='ocrx_word' id='word_1_109' title='bbox 1148 1825 1327 1898; x_wconf 87' lang='lat' dir='ltr'>reservant.</span> <span class='ocrx_word' id='word_1_110' title='bbox 1689 1840 1696 1852; x_wconf 82' lang='grc'><em>·</em></span> 
     </span>
    </p>

    <p class='ocr_par' dir='ltr' id='par_1_8' title="bbox 571 1918 1867 2110">
     <span class='ocr_line' id='line_1_15' title="bbox 620 1918 1867 2019; baseline -0.002 -27"><span class='ocrx_word' id='word_1_111' title='bbox 620 1921 687 1993; x_wconf 90' lang='lat' dir='ltr'>XI.</span> <span class='ocrx_word' id='word_1_112' title='bbox 712 1921 850 1992; x_wconf 76' lang='lat' dir='ltr'>Zizania</span> <span class='ocrx_word' id='word_1_113' title='bbox 864 1922 917 1992; x_wconf 84' lang='lat' dir='ltr'>illa</span> <span class='ocrx_word' id='word_1_114' title='bbox 934 1921 1147 1994; x_wconf 86' lang='lat' dir='ltr'>demutanda</span> <span class='ocrx_word' id='word_1_115' title='bbox 1160 1938 1262 2016; x_wconf 84' lang='lat' dir='ltr'>poena</span> <span class='ocrx_word' id='word_1_116' title='bbox 1274 1919 1434 1993; x_wconf 90' lang='lat' dir='ltr'>canonica</span> <span class='ocrx_word' id='word_1_117' title='bbox 1447 1918 1480 1990; x_wconf 90' lang='lat' dir='ltr'>in</span> <span class='ocrx_word' id='word_1_118' title='bbox 1498 1942 1636 2016; x_wconf 85' lang='lat' dir='ltr'>poenam</span> <span class='ocrx_word' id='word_1_119' title='bbox 1656 1919 1867 2019; x_wconf 85' lang='lat' dir='ltr'>purgatorii,</span> 
     </span>
     <span class='ocr_line' id='line_1_16' title="bbox 571 2012 1490 2110; baseline -0.001 -24"><span class='ocrx_word' id='word_1_120' title='bbox 571 2012 733 2087; x_wconf 87' lang='lat' dir='ltr'>videntur</span> <span class='ocrx_word' id='word_1_121' title='bbox 749 2036 839 2087; x_wconf 89' lang='lat' dir='ltr'>certe</span> <span class='ocrx_word' id='word_1_122' title='bbox 855 2016 1101 2086; x_wconf 77' lang='lat' dir='ltr'>dormientibus</span> <span class='ocrx_word' id='word_1_123' title='bbox 1125 2014 1302 2110; x_wconf 85' lang='lat' dir='ltr'>Episcopis</span> <span class='ocrx_word' id='word_1_124' title='bbox 1322 2013 1490 2085; x_wconf 85' lang='lat' dir='ltr'>seminata.</span> 
     </span>
    </p>

    <p class='ocr_par' dir='ltr' id='par_1_9' title="bbox 572 2104 1862 2300">
     <span class='ocr_line' id='line_1_17' title="bbox 619 2104 1862 2205; baseline -0.001 -24"><span class='ocrx_word' id='word_1_125' title='bbox 619 2111 703 2182; x_wconf 93' lang='lat' dir='ltr'><strong>XII.</strong></span> <span class='ocrx_word' id='word_1_126' title='bbox 730 2109 826 2180; x_wconf 89' lang='lat' dir='ltr'>OIim</span> <span class='ocrx_word' id='word_1_127' title='bbox 841 2134 955 2205; x_wconf 87' lang='lat' dir='ltr'>poenae</span> <span class='ocrx_word' id='word_1_128' title='bbox 972 2111 1161 2197; x_wconf 72' lang='lat' dir='ltr'>canonicas,</span> <span class='ocrx_word' id='word_1_129' title='bbox 1179 2133 1248 2179; x_wconf 92' lang='lat' dir='ltr'>non</span> <span class='ocrx_word' id='word_1_130' title='bbox 1263 2109 1358 2204; x_wconf 89' lang='lat' dir='ltr'>post,</span> <span class='ocrx_word' id='word_1_131' title='bbox 1378 2107 1432 2179; x_wconf 85' lang='lat' dir='ltr'>sed</span> <span class='ocrx_word' id='word_1_132' title='bbox 1444 2127 1519 2180; x_wconf 89' lang='lat' dir='ltr'>aute</span> <span class='ocrx_word' id='word_1_133' title='bbox 1528 2104 1778 2181; x_wconf 87' lang='lat' dir='ltr'>absolutionem</span> <span class='ocrx_word' id='word_1_134' title='bbox 1795 2107 1862 2180; x_wconf 85' lang='lat' dir='ltr'>im·</span> 
     </span>
     <span class='ocr_line' id='line_1_18' title="bbox 572 2202 1548 2300; baseline -0.001 -28"><span class='ocrx_word' id='word_1_135' title='bbox 572 2202 800 2300; x_wconf 86' lang='lat' dir='ltr'>ponebantur,</span> <span class='ocrx_word' id='word_1_136' title='bbox 829 2225 990 2300; x_wconf 80' lang='lat' dir='ltr'>tanquam</span> <span class='ocrx_word' id='word_1_137' title='bbox 1006 2223 1208 2276; x_wconf 87' lang='lat' dir='ltr'>tentamenta</span> <span class='ocrx_word' id='word_1_138' title='bbox 1221 2227 1311 2276; x_wconf 83' lang='lat' dir='ltr'>verae</span> <span class='ocrx_word' id='word_1_139' title='bbox 1325 2202 1548 2275; x_wconf 82' lang='lat' dir='ltr'>contritionis.</span> 
     </span>
    </p>

    <p class='ocr_par' dir='ltr' id='par_1_10' title="bbox 571 2294 1863 2485">
     <span class='ocr_line' id='line_1_19' title="bbox 626 2294 1863 2394; baseline 0.002 -26"><span class='ocrx_word' id='word_1_140' title='bbox 626 2298 726 2368; x_wconf 84' lang='lat' dir='ltr'><strong>XIII.</strong></span> <span class='ocrx_word' id='word_1_141' title='bbox 756 2298 938 2384; x_wconf 69' lang='lat' dir='ltr'>Mortuo,</span> <span class='ocrx_word' id='word_1_142' title='bbox 1001 2322 1016 2367; x_wconf 95' lang='lat' dir='ltr'>r</span> <span class='ocrx_word' id='word_1_143' title='bbox 1032 2318 1175 2370; x_wconf 88' lang='lat' dir='ltr'>mortem</span> <span class='ocrx_word' id='word_1_144' title='bbox 1193 2300 1307 2370; x_wconf 89' lang='lat' dir='ltr'>omnia</span> <span class='ocrx_word' id='word_1_145' title='bbox 1320 2297 1475 2386; x_wconf 82' lang='lat' dir='ltr'>solvunt,</span> <span class='ocrx_word' id='word_1_146' title='bbox 1495 2294 1678 2394; x_wconf 87' lang='lat' dir='ltr'>&amp;legibus</span> <span class='ocrx_word' id='word_1_147' title='bbox 1690 2320 1863 2372; x_wconf 87' lang='lat' dir='ltr'>canonum</span> 
     </span>
     <span class='ocr_line' id='line_1_20' title="bbox 571 2322 1546 2485; baseline 0.005 -27"><span class='ocrx_word' id='word_1_148' title='bbox 571 2388 699 2458; x_wconf 91' lang='lat' dir='ltr'>mortui</span> <span class='ocrx_word' id='word_1_149' title='bbox 715 2390 778 2457; x_wconf 89' lang='lat' dir='ltr'>&#39;arn</span> <span class='ocrx_word' id='word_1_150' title='bbox 794 2389 886 2475; x_wconf 91' lang='lat' dir='ltr'>sunt,</span> <span class='ocrx_word' id='word_1_151' title='bbox 914 2322 1154 2485; x_wconf 47' lang='lat' dir='ltr'>haiintesjura</span> <span class='ocrx_word' id='word_1_152' title='bbox 1165 2415 1282 2462; x_wconf 85' lang='lat' dir='ltr'>earum</span> <span class='ocrx_word' id='word_1_153' title='bbox 1297 2390 1546 2463; x_wconf 79' lang='lat' dir='ltr'>relaxationem.</span> 
     </span>
    </p>

    <p class='ocr_par' dir='ltr' id='par_1_11' title="bbox 571 2480 1864 2861">
     <span class='ocr_line' id='line_1_21' title="bbox 622 2480 1864 2574; baseline 0.006 -22"><span class='ocrx_word' id='word_1_154' title='bbox 622 2480 674 2552; x_wconf 94' lang='lat' dir='ltr'>XI</span> <span class='ocrx_word' id='word_1_155' title='bbox 715 2533 722 2550; x_wconf 93' lang='lat'>.</span> <span class='ocrx_word' id='word_1_156' title='bbox 748 2480 948 2574; x_wconf 70' lang='lat' dir='ltr'>Impersesia</span> <span class='ocrx_word' id='word_1_157' title='bbox 964 2481 1081 2553; x_wconf 89' lang='lat' dir='ltr'>sanitas</span> <span class='ocrx_word' id='word_1_158' title='bbox 1097 2481 1156 2554; x_wconf 90' lang='lat' dir='ltr'>seu</span> <span class='ocrx_word' id='word_1_159' title='bbox 1172 2485 1313 2556; x_wconf 85' lang='lat' dir='ltr'>charitas</span> <span class='ocrx_word' id='word_1_160' title='bbox 1329 2484 1510 2573; x_wconf 87' lang='lat' dir='ltr'>morituri,</span> <span class='ocrx_word' id='word_1_161' title='bbox 1545 2482 1723 2557; x_wconf 78' lang='lat' dir='ltr'>necessario</span> <span class='ocrx_word' id='word_1_162' title='bbox 1748 2484 1864 2558; x_wconf 87' lang='lat' dir='ltr'>secum</span> 
     </span>
     <span class='ocr_line' id='line_1_22' title="bbox 571 2573 1860 2676; baseline 0.006 -31"><span class='ocrx_word' id='word_1_163' title='bbox 571 2573 637 2648; x_wconf 86' lang='lat' dir='ltr'>sert</span> <span class='ocrx_word' id='word_1_164' title='bbox 657 2598 818 2674; x_wconf 88' lang='lat' dir='ltr'>magnum</span> <span class='ocrx_word' id='word_1_165' title='bbox 839 2575 996 2646; x_wconf 82' lang='lat' dir='ltr'>timorem</span> <span class='ocrx_word' id='word_1_166' title='bbox 1022 2596 1183 2670; x_wconf 91' lang='lat' dir='ltr'>tantoque</span> <span class='ocrx_word' id='word_1_167' title='bbox 1201 2579 1360 2672; x_wconf 89' lang='lat' dir='ltr'>majorem</span> <span class='ocrx_word' id='word_1_168' title='bbox 1402 2579 1506 2649; x_wconf 84' lang='lat' dir='ltr'>u&#39;anto</span> <span class='ocrx_word' id='word_1_169' title='bbox 1522 2579 1636 2648; x_wconf 91' lang='lat' dir='ltr'>minor</span> <span class='ocrx_word' id='word_1_170' title='bbox 1659 2576 1762 2652; x_wconf 91' lang='lat' dir='ltr'>suerit</span> <span class='ocrx_word' id='word_1_171' title='bbox 1780 2579 1860 2676; x_wconf 67' lang='lat' dir='ltr'>ipa.</span> 
     </span>
     <span class='ocr_line' id='line_1_23' title="bbox 582 2602 1860 2761; baseline 0.003 -20"><span class='ocrx_word' id='word_1_172' title='bbox 582 2700 587 2711; x_wconf 92' lang='lat'><strong>·</strong></span> <span class='ocrx_word' id='word_1_173' title='bbox 621 2670 708 2743; x_wconf 91' lang='lat' dir='ltr'>XV.</span> <span class='ocrx_word' id='word_1_174' title='bbox 732 2666 1119 2757; x_wconf 72' lang='lat' dir='ltr'>Hietimor&amp;horror,</span> <span class='ocrx_word' id='word_1_175' title='bbox 1138 2670 1288 2756; x_wconf 74' lang='lat' dir='ltr'>fatiscit,</span> <span class='ocrx_word' id='word_1_176' title='bbox 1314 2602 1445 2761; x_wconf 59' lang='lat' dir='ltr'>festio,</span> <span class='ocrx_word' id='word_1_177' title='bbox 1469 2669 1599 2755; x_wconf 87' lang='lat' dir='ltr'>(utalia</span> <span class='ocrx_word' id='word_1_178' title='bbox 1617 2678 1756 2759; x_wconf 74' lang='lat' dir='ltr'>taceam)</span> <span class='ocrx_word' id='word_1_179' title='bbox 1773 2672 1860 2746; x_wconf 90' lang='lat' dir='ltr'>sace·</span> 
     </span>
     <span class='ocr_line' id='line_1_24' title="bbox 571 2762 1760 2861; baseline -0.001 -26"><span class='ocrx_word' id='word_1_180' title='bbox 571 2787 607 2835; x_wconf 90' lang='lat' dir='ltr'>re</span> <span class='ocrx_word' id='word_1_181' title='bbox 620 2787 756 2858; x_wconf 88' lang='lat' dir='ltr'>poenam</span> <span class='ocrx_word' id='word_1_182' title='bbox 777 2763 988 2861; x_wconf 84' lang='lat' dir='ltr'>purgatorii,</span> <span class='ocrx_word' id='word_1_183' title='bbox 1010 2788 1089 2837; x_wconf 86' lang='lat' dir='ltr'>curn</span> <span class='ocrx_word' id='word_1_184' title='bbox 1109 2762 1147 2835; x_wconf 83' lang='lat' dir='ltr'>sit</span> <span class='ocrx_word' id='word_1_185' title='bbox 1168 2765 1345 2858; x_wconf 84' lang='lat' dir='ltr'>proximus</span> <span class='ocrx_word' id='word_1_186' title='bbox 1363 2762 1599 2858; x_wconf 85' lang='lat' dir='ltr'>desperationis</span> <span class='ocrx_word' id='word_1_187' title='bbox 1616 2762 1760 2835; x_wconf 92' lang='lat' dir='ltr'>horrori.</span> 
     </span>
    </p>

    <p class='ocr_par' dir='ltr' id='par_1_12' title="bbox 540 2855 1865 3050">
     <span class='ocr_line' id='line_1_25' title="bbox 563 2855 1865 2957; baseline 0.002 -25"><span class='ocrx_word' id='word_1_188' title='bbox 563 2906 566 2911; x_wconf 93' lang='lat'><em>-</em></span> <span class='ocrx_word' id='word_1_189' title='bbox 619 2859 722 2932; x_wconf 91' lang='lat' dir='ltr'><strong>XVI.</strong></span> <span class='ocrx_word' id='word_1_190' title='bbox 748 2859 918 2932; x_wconf 86' lang='lat' dir='ltr'>Videntur</span> <span class='ocrx_word' id='word_1_191' title='bbox 940 2858 1114 2947; x_wconf 85' lang='lat' dir='ltr'>infernus,</span> <span class='ocrx_word' id='word_1_192' title='bbox 1142 2858 1401 2957; x_wconf 83' lang='lat' dir='ltr'>purgatorium,</span> <span class='ocrx_word' id='word_1_193' title='bbox 1431 2855 1566 2928; x_wconf 89' lang='lat' dir='ltr'>coelum</span> <span class='ocrx_word' id='word_1_194' title='bbox 1591 2855 1749 2945; x_wconf 70' lang='lat' dir='ltr'>disserte,</span> <span class='ocrx_word' id='word_1_195' title='bbox 1776 2858 1865 2934; x_wconf 85' lang='lat' dir='ltr'>ficut</span> 
     </span>
     <span class='ocr_line' id='line_1_26' title="bbox 540 2951 1758 3050; baseline -0.001 -26"><span class='ocrx_word' id='word_1_196' title='bbox 540 2952 778 3048; x_wconf 64' lang='lat' dir='ltr'>desperatio,</span> <span class='ocrx_word' id='word_1_197' title='bbox 820 2977 900 3048; x_wconf 89' lang='lat' dir='ltr'>rope</span> <span class='ocrx_word' id='word_1_198' title='bbox 917 2954 1116 3050; x_wconf 81' lang='lat' dir='ltr'>desperatio,</span> <span class='ocrx_word' id='word_1_199' title='bbox 1145 2951 1484 3025; x_wconf 76' lang='lat' dir='ltr'>securitasdifferunt.</span> <span class='ocrx_word' id='word_1_200' title='bbox 1756 3028 1758 3031; x_wconf 66' lang='grc'><strong>,</strong></span> 
     </span>
    </p>

    <p class='ocr_par' dir='ltr' id='par_1_13' title="bbox 572 3043 1863 3239">
     <span class='ocr_line' id='line_1_27' title="bbox 620 3043 1863 3146; baseline 0.001 -26"><span class='ocrx_word' id='word_1_201' title='bbox 620 3048 741 3120; x_wconf 90' lang='lat' dir='ltr'><strong>XVII.</strong></span> <span class='ocrx_word' id='word_1_202' title='bbox 806 3047 999 3120; x_wconf 83' lang='lat' dir='ltr'>ecessariurn</span> <span class='ocrx_word' id='word_1_203' title='bbox 1023 3048 1160 3121; x_wconf 85' lang='lat' dir='ltr'>videtur</span> <span class='ocrx_word' id='word_1_204' title='bbox 1187 3047 1362 3121; x_wconf 87' lang='lat' dir='ltr'>animabus</span> <span class='ocrx_word' id='word_1_205' title='bbox 1386 3050 1420 3120; x_wconf 91' lang='lat' dir='ltr'>in</span> <span class='ocrx_word' id='word_1_206' title='bbox 1437 3050 1618 3146; x_wconf 81' lang='lat' dir='ltr'>purgatorio</span> <span class='ocrx_word' id='word_1_207' title='bbox 1640 3043 1723 3118; x_wconf 87' lang='lat' dir='ltr'>sicut</span> <span class='ocrx_word' id='word_1_208' title='bbox 1746 3046 1863 3121; x_wconf 84' lang='lat' dir='ltr'>minui·</span> 
     </span>
     <span class='ocr_line' id='line_1_28' title="bbox 572 3142 1201 3239; baseline -0.002 -25"><span class='ocrx_word' id='word_1_209' title='bbox 572 3142 772 3232; x_wconf 87' lang='lat' dir='ltr'>horrorem,</span> <span class='ocrx_word' id='word_1_210' title='bbox 801 3145 843 3214; x_wconf 87' lang='lat' dir='ltr'>ita</span> <span class='ocrx_word' id='word_1_211' title='bbox 859 3146 975 3239; x_wconf 80' lang='lat' dir='ltr'>augeri</span> <span class='ocrx_word' id='word_1_212' title='bbox 994 3143 1201 3216; x_wconf 77' lang='lat' dir='ltr'>charitatem.</span> 
     </span>
    </p>

    <p class='ocr_par' dir='ltr' id='par_1_14' title="bbox 570 3234 1865 3431">
     <span class='ocr_line' id='line_1_29' title="bbox 620 3234 1865 3334; baseline 0.003 -26"><span class='ocrx_word' id='word_1_213' title='bbox 620 3237 760 3308; x_wconf 88' lang='lat' dir='ltr'><strong>XVIII.</strong></span> <span class='ocrx_word' id='word_1_214' title='bbox 789 3239 868 3309; x_wconf 83' lang='lat' dir='ltr'>Nee</span> <span class='ocrx_word' id='word_1_215' title='bbox 888 3239 1068 3331; x_wconf 87' lang='lat' dir='ltr'>probatum</span> <span class='ocrx_word' id='word_1_216' title='bbox 1094 3240 1227 3309; x_wconf 82' lang='lat' dir='ltr'>videtur</span> <span class='ocrx_word' id='word_1_217' title='bbox 1248 3236 1338 3326; x_wconf 86' lang='lat' dir='ltr'>iIIis,</span> <span class='ocrx_word' id='word_1_218' title='bbox 1360 3257 1419 3311; x_wconf 91' lang='lat' dir='ltr'>aut</span> <span class='ocrx_word' id='word_1_219' title='bbox 1437 3234 1623 3309; x_wconf 90' lang='lat' dir='ltr'>rationibus</span> <span class='ocrx_word' id='word_1_220' title='bbox 1639 3256 1698 3309; x_wconf 90' lang='lat' dir='ltr'>aut</span> <span class='ocrx_word' id='word_1_221' title='bbox 1718 3234 1865 3334; x_wconf 90' lang='lat' dir='ltr'>scriptu·</span> 
     </span>
     <span class='ocr_line' id='line_1_30' title="bbox 570 3331 1835 3431; baseline -0.001 -28"><span class='ocrx_word' id='word_1_222' title='bbox 570 3331 630 3417; x_wconf 84' lang='lat' dir='ltr'>ris,</span> <span class='ocrx_word' id='word_1_223' title='bbox 654 3331 746 3427; x_wconf 90' lang='lat' dir='ltr'>quod</span> <span class='ocrx_word' id='word_1_224' title='bbox 762 3331 822 3404; x_wconf 82' lang='lat' dir='ltr'>fint</span> <span class='ocrx_word' id='word_1_225' title='bbox 834 3352 927 3403; x_wconf 86' lang='lat' dir='ltr'>extra</span> <span class='ocrx_word' id='word_1_226' title='bbox 944 3332 1257 3420; x_wconf 84' lang='lat' dir='ltr'>statumrneritiseu</span> <span class='ocrx_word' id='word_1_227' title='bbox 1272 3334 1437 3431; x_wconf 78' lang='lat' dir='ltr'>augendae</span> <span class='ocrx_word' id='word_1_228' title='bbox 1451 3331 1632 3403; x_wconf 88' lang='lat' dir='ltr'>charitatis.</span> <span class='ocrx_word' id='word_1_229' title='bbox 1833 3402 1835 3409; x_wconf 81' lang='grc'><em>,</em></span> 
     </span>
    </p>

    <p class='ocr_par' dir='ltr' id='par_1_15' title="bbox 554 3423 1863 3608">
     <span class='ocr_line' id='line_1_31' title="bbox 554 3423 1863 3522; baseline 0.002 -25"><span class='ocrx_word' id='word_1_230' title='bbox 554 3487 563 3497; x_wconf 89' lang='grc'><strong>.</strong></span> <span class='ocrx_word' id='word_1_231' title='bbox 620 3428 726 3499; x_wconf 88' lang='grc' dir='ltr'><strong>ΧΙΧ.</strong></span> <span class='ocrx_word' id='word_1_232' title='bbox 755 3426 833 3498; x_wconf 79' lang='lat' dir='ltr'>Nec</span> <span class='ocrx_word' id='word_1_233' title='bbox 852 3426 917 3497; x_wconf 90' lang='lat' dir='ltr'>hoc</span> <span class='ocrx_word' id='word_1_234' title='bbox 935 3428 1115 3521; x_wconf 87' lang='lat' dir='ltr'>probatum</span> <span class='ocrx_word' id='word_1_235' title='bbox 1134 3426 1199 3498; x_wconf 81' lang='lat' dir='ltr'>esse</span> <span class='ocrx_word' id='word_1_236' title='bbox 1221 3425 1372 3517; x_wconf 86' lang='lat' dir='ltr'>videtur,</span> <span class='ocrx_word' id='word_1_237' title='bbox 1395 3429 1490 3522; x_wconf 92' lang='lat' dir='ltr'>quod</span> <span class='ocrx_word' id='word_1_238' title='bbox 1509 3425 1573 3497; x_wconf 83' lang='lat' dir='ltr'>sint</span> <span class='ocrx_word' id='word_1_239' title='bbox 1590 3426 1632 3497; x_wconf 88' lang='lat' dir='ltr'>de</span> <span class='ocrx_word' id='word_1_240' title='bbox 1650 3424 1705 3497; x_wconf 88' lang='lat' dir='ltr'>sua</span> <span class='ocrx_word' id='word_1_241' title='bbox 1719 3423 1863 3500; x_wconf 87' lang='lat' dir='ltr'>beatitu-</span> 
     </span>
     <span class='ocr_line' id='line_1_32' title="bbox 574 3518 1834 3608; baseline -0.005 -12"><span class='ocrx_word' id='word_1_242' title='bbox 574 3523 653 3596; x_wconf 90' lang='lat' dir='ltr'>dine</span> <span class='ocrx_word' id='word_1_243' title='bbox 665 3541 764 3594; x_wconf 85' lang='lat' dir='ltr'>certae</span> <span class='ocrx_word' id='word_1_244' title='bbox 776 3523 812 3594; x_wconf 89' lang='lat'>&amp;</span> <span class='ocrx_word' id='word_1_245' title='bbox 826 3521 966 3607; x_wconf 83' lang='lat' dir='ltr'>securae,</span> <span class='ocrx_word' id='word_1_246' title='bbox 990 3521 1100 3594; x_wconf 61' lang='lat' dir='ltr'>uitem</span> <span class='ocrx_word' id='word_1_247' title='bbox 1121 3520 1351 3608; x_wconf 85' lang='lat' dir='ltr'>omnes‚lice&#39;t</span> <span class='ocrx_word' id='word_1_248' title='bbox 1369 3546 1430 3593; x_wconf 91' lang='lat' dir='ltr'>nos</span> <span class='ocrx_word' id='word_1_249' title='bbox 1447 3518 1756 3593; x_wconf 85' lang='lat' dir='ltr'>certiffimisumus.</span> <span class='ocrx_word' id='word_1_250' title='bbox 1831 3565 1834 3573; x_wconf 92' lang='lat'><em>-</em></span> 
     </span>
    </p>

    <p class='ocr_par' dir='ltr' id='par_1_16' title="bbox 570 3616 1863 3875">
     <span class='ocr_line' id='line_1_33' title="bbox 617 3616 1863 3713; baseline -0.002 -23"><span class='ocrx_word' id='word_1_251' title='bbox 617 3617 706 3690; x_wconf 87' lang='lat' dir='ltr'>XX.</span> <span class='ocrx_word' id='word_1_252' title='bbox 736 3616 845 3713; x_wconf 83' lang='lat' dir='ltr'>Igitur</span> <span class='ocrx_word' id='word_1_253' title='bbox 885 3625 971 3712; x_wconf 74' lang='lat' dir='ltr'>Papa</span> <span class='ocrx_word' id='word_1_254' title='bbox 995 3641 1052 3711; x_wconf 84' lang='lat' dir='ltr'>per</span> <span class='ocrx_word' id='word_1_255' title='bbox 1079 3622 1279 3697; x_wconf 74' lang='lat' dir='ltr'>remissionem</span> <span class='ocrx_word' id='word_1_256' title='bbox 1301 3622 1477 3710; x_wconf 80' lang='lat' dir='ltr'>plenariam</span> <span class='ocrx_word' id='word_1_257' title='bbox 1503 3621 1642 3685; x_wconf 81' lang='lat' dir='ltr'>omnium</span> <span class='ocrx_word' id='word_1_258' title='bbox 1667 3637 1833 3710; x_wconf 83' lang='lat' dir='ltr'>poetrarum</span> <span class='ocrx_word' id='word_1_259' title='bbox 1848 3672 1863 3707; x_wconf 87' lang='lat'>,.</span> 
     </span>
     <span class='ocr_line' id='line_1_34' title="bbox 570 3709 1859 3875; baseline 0 -92"><span class='ocrx_word' id='word_1_260' title='bbox 570 3734 640 3875; x_wconf 60' lang='lat' dir='ltr'>pon</span> <span class='ocrx_word' id='word_1_261' title='bbox 661 3710 858 3805; x_wconf 75' lang='lat' dir='ltr'>sim-pliciter,</span> <span class='ocrx_word' id='word_1_262' title='bbox 872 3714 1032 3784; x_wconf 88' lang='lat' dir='ltr'>omnium</span> <span class='ocrx_word' id='word_1_263' title='bbox 1053 3711 1231 3812; x_wconf 88' lang='lat' dir='ltr'>intelligit,</span> <span class='ocrx_word' id='word_1_264' title='bbox 1257 3709 1315 3783; x_wconf 90' lang='lat' dir='ltr'>sed</span> <span class='ocrx_word' id='word_1_265' title='bbox 1331 3737 1349 3783; x_wconf 93' lang='lat' dir='ltr'>a</span> <span class='ocrx_word' id='word_1_266' title='bbox 1367 3710 1472 3809; x_wconf 88' lang='lat' dir='ltr'>seipso</span> <span class='ocrx_word' id='word_1_267' title='bbox 1490 3709 1730 3784; x_wconf 89' lang='lat' dir='ltr'>tantummodo</span> <span class='ocrx_word' id='word_1_268' title='bbox 1747 3711 1859 3807; x_wconf 87' lang='lat' dir='ltr'>impo-</span> 
     </span>
    </p>

    <p class='ocr_par' dir='ltr' id='par_1_17' title="bbox 571 3825 1870 4007">
     <span class='ocr_line' id='line_1_35' title="bbox 598 3825 1677 3877; baseline 0.001 -1"><span class='ocrx_word' id='word_1_269' title='bbox 598 3825 722 3877; x_wconf 90' lang='lat' dir='ltr'>tarum.</span> <span class='ocrx_word' id='word_1_270' title='bbox 1674 3827 1677 3832; x_wconf 86' lang='lat'>·</span> 
     </span>
     <span class='ocr_line' id='line_1_36' title="bbox 571 3892 1870 4007; baseline 0.003 -36"><span class='ocrx_word' id='word_1_271' title='bbox 571 3892 576 3898; x_wconf 67' lang='grc'><strong>’</strong></span> <span class='ocrx_word' id='word_1_272' title='bbox 623 3899 730 3972; x_wconf 88' lang='grc' dir='ltr'><strong>ΧΧΙ.</strong></span> <span class='ocrx_word' id='word_1_273' title='bbox 755 3899 880 3971; x_wconf 85' lang='lat' dir='ltr'>Errant</span> <span class='ocrx_word' id='word_1_274' title='bbox 899 3901 1012 3998; x_wconf 88' lang='lat' dir='ltr'>itaque</span> <span class='ocrx_word' id='word_1_275' title='bbox 1028 3901 1327 4007; x_wconf 68' lang='lat' dir='ltr'>indngentiaruni</span> <span class='ocrx_word' id='word_1_276' title='bbox 1337 3900 1572 3998; x_wconf 68' lang='lat' dir='ltr'>praedicatores</span> <span class='ocrx_word' id='word_1_277' title='bbox 1586 3899 1627 3982; x_wconf 84' lang='lat' dir='ltr'>ii,</span> <span class='ocrx_word' id='word_1_278' title='bbox 1652 3897 1711 3993; x_wconf 91' lang='lat' dir='ltr'>qui</span> <span class='ocrx_word' id='word_1_279' title='bbox 1724 3894 1870 3990; x_wconf 81' lang='lat' dir='ltr'>dicunt,¹</span> 
     </span>
    </p>
   </div>
   <div class='ocr_carea' id='block_1_4' title="bbox 573 3991 1861 4197">
    <p class='ocr_par' dir='ltr' id='par_1_18' title="bbox 573 3991 1861 4197">
     <span class='ocr_line' id='line_1_37' title="bbox 573 3991 1844 4166; baseline 0 -104"><span class='ocrx_word' id='word_1_280' title='bbox 573 4012 632 4086; x_wconf 83' lang='lat' dir='ltr'>per</span> <span class='ocrx_word' id='word_1_281' title='bbox 646 3991 747 4087; x_wconf 85' lang='lat' dir='ltr'>Papae</span> <span class='ocrx_word' id='word_1_282' title='bbox 759 3995 983 4097; x_wconf 81' lang='lat' dir='ltr'>indulgentias</span> <span class='ocrx_word' id='word_1_283' title='bbox 994 3996 1166 4073; x_wconf 82' lang='lat' dir='ltr'>hominem</span> <span class='ocrx_word' id='word_1_284' title='bbox 1179 3997 1222 4071; x_wconf 93' lang='lat' dir='ltr'>ab</span> <span class='ocrx_word' id='word_1_285' title='bbox 1226 4021 1329 4166; x_wconf 65' lang='lat' dir='ltr'>purus</span> <span class='ocrx_word' id='word_1_286' title='bbox 1343 4020 1445 4095; x_wconf 82' lang='lat' dir='ltr'>poena</span> <span class='ocrx_word' id='word_1_287' title='bbox 1456 3991 1768 4162; x_wconf 77' lang='lat' dir='ltr'>solvi&amp;salvari.X</span> <span class='ocrx_word' id='word_1_288' title='bbox 1770 4087 1844 4165; x_wconf 72' lang='grc' dir='ltr'>ΧΠ</span> 
     </span>
     <span class='ocr_line' id='line_1_38' title="bbox 1278 4114 1861 4197; baseline -0.003 -34"><span class='ocrx_word' id='word_1_289' title='bbox 1278 4114 1301 4197; x_wconf 80' lang='lat'><em>3</em></span> <span class='ocrx_word' id='word_1_290' title='bbox 1848 4141 1861 4161; x_wconf 85' lang='lat'>.</span> 
     </span>
    </p>
   </div>
   <div class='ocr_carea' id='block_1_5' title="bbox 0 0 2447 5042">
    <p class='ocr_par' dir='ltr' id='par_1_19' title="bbox 0 0 2447 5042">
     <span class='ocr_line' id='line_1_39' title="bbox 0 0 2447 5042; baseline 0 0"><span class='ocrx_word' id='word_1_291' title='bbox 0 0 2447 5042; x_wconf 95' lang='lat' dir='ltr'> </span> 
     </span>
    </p>
   </div>
  </div>
 </body>
</html>
