4884 5042
1008 552 1121 646 tor.)

523 719 628 798 quam
639 698 739 773 etiam
753 713 970 795 peccatorum
983 694 1205 768 remiffionem
1219 692 1281 767 fibi
1299 717 1384 791 pene
1401 695 1434 768 in
1454 716 1570 795 purga.
1592 689 1727 779 persone
1737 708 1816 790 eaor·

506 798 607 869 *torio
626 813 766 891 propter
783 793 944 866 offensam
960 793 1073 864 divine
1093 789 1276 889 Majestatis
1299 792 1420 862 luende
1437 792 1578 885 pleniffi·
1592 774 1749 867 ⁰0¹¹s0‘1111,

517 912 573 962 me
596 890 816 962 remittuntur
831 907 933 984 atque
950 885 1033 958 diesi
1053 885 1240 983 purgatorii
1263 907 1347 980 pene
1367 886 1508 957 omnino
1520 857 1730 959 de·P⁰ffi¹¹¹t·

517 982 644 1057 lentur.
697 983 744 1055 Et
761 983 839 1055 licet
853 985 895 1053 ad
913 1002 1038 1054 tantam
1055 982 1197 1079 gratiam
1221 980 1478 1074 promerendam
1493 980 1582 1053 nihil

517 1078 593 1152 satis
605 1077 750 1183 dignum
761 1075 862 1172 poffit
876 1074 1031 1148 retribui.
1049 1099 1093 1146 eo
1107 1074 1201 1171 quod
1213 1074 1409 1146 donumdei
1424 1074 1462 1146 ’δί
1478 1076 1583 1169 gratia

517 1172 765 1244 estimationem
779 1169 971 1243 nonhabet.
991 1191 1100 1242 tamen
1113 1189 1152 1241 ut
1164 1167 1295 1240 Christi
1308 1167 1476 1240 fidelesad
1489 1167 1580 1238 illam

517 1264 787 1363 consequendam
816 1263 948 1336 facilius
975 1262 1186 1352 invitent-ur,
1220 1261 1415 1359 sequentem
1435 1263 1580 1334 modum

518 1357 769 1432 observandum
800 1358 977 1431 statuimus
1005 1358 1174 1431 videlicet.

569 1456 689 1526 Primo
701 1453 939 1550 unusquisque
956 1453 1059 1526 corde
1080 1450 1301 1525 contritus&
1317 1474 1377 1524 ore
1394 1450 1579 1526 conlcll'us:
1677 1477 1718 1533 ao

518 1546 575 1619 vel
593 1548 707 1622 saltem
731 1547 857 1620 habens
873 1548 1024 1618 animum
1043 1551 1079 1620 ὅ(
1098 1547 1317 1619 intentionem
1342 1547 1383 1619 ad
1402 1546 1580 1619 confessro-

518 1661 597 1711 nem
625 1641 812 1716 faciendam
827 1662 984 1736 tempore
1000 1640 1127 1713 debito.
1178 1640 1298 1713 Visitet
1320 1640 1434 1712 saltem
1454 1640 1580 1738 septem

519 1735 671 1827 ecclesias
683 1737 725 1808 ad
739 1736 806 1808 hoc
816 1736 1009 1830 deputatas:
1034 1734 1190 1807 videlicet
1205 1735 1240 1805 in
1253 1734 1382 1828 quibus
1393 1732 1492 1808 affixa
1504 1735 1583 1810 lunt

519 1851 612 1925 arma
635 1833 734 1927 Pape.
756 1831 844 1904 &in
865 1828 1015 1924 qualibet
1030 1829 1166 1902 ecclefia
1181 1829 1271 1900 dicat
1289 1830 1411 1901 devote
1427 1831 1582 1927 quinque

520 1922 620 1995 Pater
633 1924 764 2012 noster,
787 1924 823 1996 ὅ(
837 1925 992 2020 quinque
1007 1926 1083 1996 Ave
1097 1924 1224 2009 Mar-ia,
1237 1922 1277 1994 ad
1296 1922 1461 1996 honorem
1479 1927 1581 2019 quin·

455 2068 459 2074 -
571 2041 590 2090 e
612 2021 792 2092 vulnerum
818 2018 950 2089 domini
978 2019 1083 2090 nostri
1101 2017 1179 2110 lesu
1208 2017 1363 2090 Christi:
1394 2040 1578 2115 perquem

536 2114 587 2183 uit
606 2113 691 2186 faeta
711 2113 898 2209 redemptio
916 2114 1038 2185 nostra.
1088 2116 1162 2185 Aut
1179 2135 1288 2183 unum
1309 2111 1490 2201 Miserere,
1518 2112 1580 2211 qui

522 2204 671 2298 psalmus
681 2211 722 2281 ad
742 2231 873 2281 ventam
894 2230 1110 2303 peccatorum
1128 2206 1371 2305 impetrandam
1389 2207 1582 2304 plurimum

400 2365 402 2371 .
520 2305 693 2371 convenit.

542 2432 545 2436 ·
570 2392 711 2462 infirme
727 2411 840 2464 autem
861 2393 897 2464 ὃ(
918 2394 1077 2498 impedite
1094 2391 1233 2488 persone
1257 2395 1436 2468 vifitabunt
1449 2360 1579 2492 'septem
1680 2414 1718 2457 2¹

518 2482 652 2556 altaria:
678 2507 737 2580 per
759 2485 1015 2558 Commillartos
1028 2488 1083 2558 seu
1097 2489 1412 2561 Subcommiffarios
1427 2493 1460 2562 in
1470 2493 1579 2565 ecclc·
1593 2471 1723 2541 lssfisme
1736 2494 1810 2559 ses*

522 2577 622 2650 frain
644 2602 711 2671 qua
733 2602 820 2651 crux
843 2578 906 2649 erit
928 2579 1129 2675 deputanda.
1155 2581 1284 2673 quibus
1303 2582 1454 2657 similiter
1479 2585 1579 2657 affixa
1588 2556 1807 2656 s⁰¹¹eq¹l⁰m⁰'

416 2743 418 2746 .
521 2694 623 2748 erunt
640 2698 732 2747 arma
747 2674 861 2771 Pape‚
885 2695 968 2746 cum
983 2675 1100 2747 eadem
1115 2673 1298 2746 devotione
1314 2677 1353 2748 ἃ
1368 2640 1635 2752 orationibusd⁰
1649 2642 1780 2708 famem·

522 2786 564 2841 ut
587 2768 707 2865 supra·
976 2797 978 2802 ⁴

544 2904 549 2912 ·
573 2863 655 2935 Etsi
675 2861 907 2960 personeadeo
926 2861 1063 2936 infirme
1077 2860 1158 2951 fior,
1183 2862 1277 2960 quod
1295 2864 1336 2936 ad
1358 2862 1457 2935 talem
1474 2865 1582 2938 ec'cle-
1677 2892 1719 2936 22

524 2957 602 3029 fram
624 2959 807 3032 commode
823 2959 937 3030 venite
956 2983 1025 3032 non
1043 2959 1191 3056 pollent:
1215 2977 1298 3030 tunc
1315 2957 1483 3031 confessor
1501 2960 1582 3032 suus

523 3050 580 3123 seu
594 3052 844 3147 penitentiarius
856 3053 1032 3149 deputabit
1047 3052 1186 3149 aliquod
1199 3051 1302 3125 altare
1317 3054 1360 3128 ad
1379 3054 1495 3126 locum
1505 3054 1583 3127 ido·

518 3169 628 3234 neum
645 3144 830 3220 lecundum
842 3148 915 3244 ejus
933 3144 1176 3221 discretionem.
1227 3149 1343 3239 Quem
1362 3147 1528 3221 visitando
1545 3148 1585 3225 ὃ(

523 3243 565 3314 ad
582 3240 635 3312 vel
651 3263 730 3314 ante
745 3242 846 3314 altare
867 3243 996 3314 orando
1012 3243 1238 3342 indulgentias
1257 3239 1584 3339 ptomereantur.bc

523 3333 549 3408 li
570 3334 693 3432 septem
712 3335 862 3408 ecclesias
880 3335 1059 3408 visrtarent.

546 3458 551 3487 2
575 3432 642 3504 l-lis
665 3455 747 3502 vero
769 3432 829 3526 qui
851 3431 942 3505 lello
967 3430 1174 3504 incumbunt
1198 3433 1322 3529 poterit
1343 3433 1386 3506 de
1411 3432 1498 3504 utari
1522 3431 1581 3504 ali·
1673 3467 1711 3530 23

493 3588 494 3591 ,
525 3549 594 3636 qua
609 3528 732 3598 devota
750 3525 881 3623 imago:
905 3551 1017 3599 coram
1031 3551 1099 3624 qua
1111 3527 1164 3598 'vel
1182 3529 1223 3599 ad
1242 3550 1345 3622 quam
1365 3459 1493 3625 aliquas
1505 3552 1581 3599 ora·
1593 3525 1803 3626 Decumben·

512 3636 631 3694 'tiones
648 3621 832 3694 secundum
854 3622 1079 3694 Penitentiarii
1095 3621 1272 3694 arbitrium
1291 3623 1427 3694 dicant:
1456 3621 1646 3719 quibuslffi,
1660 3632 1691 3674 ¹¹¹
1707 3614 1790 3678 lellO
1886 3643 1889 3648 ’

523 3715 675 3884 imerii&
702 3741 766 3812 pro
790 3716 976 3790 visitatione
1002 3715 1215 3790 ecclefiarurn
1244 3721 1368 3814 septem
1398 3694 1791 3845 satisl'ecilleggffigsscefe

547 3833 566 3881 e
611 3830 659 3883 nt.
837 3837 840 3844 ’
1717 3822 1723 3835 ’

573 3907 609 3975 Si
629 3929 712 3978 vero
729 3907 835 4004 aliqui
854 3906 907 3978 vel
924 3906 1038 4003 aliqua
1054 3904 1275 3979 vifitationem
1293 3905 1507 3981 ecclefiarum
1525 3928 1583 3980 aut
1594 3891 1790 4020 Νοὴζζιρῃ,

525 3994 679 4070 altarium
698 4001 933 4095 predidlorum
952 4001 1284 4168 aliquahqatione-vel
1299 4003 1399 4078 caula
1414 4002 1476 4076 fibi
1493 4024 1579 4099 pete·
1594 4057 1641 4104 tes
1664 4036 1819 4103 pccpsm·

549 4134 551 4139 .
569 4124 580 4139 ,
1059 4129 1062 4135 -
1130 4119 1154 4169 2
1511 4117 1586 4169 rent
