4884 5042
1246 585 1356 693 (5⁶·)

647 743 734 797 mm
760 719 900 820 agendo
925 715 1142 792 facultatem.
1156 716 1279 812 dedit,
1312 736 1480 814 quantam
1498 717 1587 794 nulli
1605 722 1780 819 majorum
1799 746 1965 821 unquam

650 819 844 914 praestitit3
877 817 1014 890 scilicet
1031 835 1072 887 ut
1092 815 1280 911 praedooes
1297 817 1479 913 abigeres,
1504 818 1578 889 vias
1595 842 1786 916 purgares,
1811 820 1966 899 seditio·

650 939 714 989 nes
741 917 912 1004 tolleres,
947 914 1085 985 domini
1110 913 1286 1008 tempium
1313 915 1474 986 omnium
1499 938 1582 1012 quae
1607 939 1757 1013 usquam
1783 918 1854 990 visa
1878 920 1967 998 sunt

650 1009 1042 1111 magnificentissimum
1057 1010 1253 1082 excitares:
1280 1011 1443 1102 militiae,
1466 1012 1564 1106 quod
1581 1037 1688 1086 nemo
1705 1034 1788 1087 ante
1806 1017 1872 1094 bac
1889 1042 1966 1115 po·

649 1112 748 1202 tuit,
765 1109 925 1183 ecciesiae
943 1131 1040 1181 arma
1055 1108 1194 1202 magnis
1210 1109 1356 1205 regibus
1373 1113 1563 1181 metuenda
1578 1109 1729 1184 faceres:
1750 1133 1791 1184 ut
1803 1112 1966 1213 denique

648 1207 841 1304 imperium
860 1227 1094 1305 propagenes,
1112 1223 1154 1275 ut
1169 1205 1397 1299 Ariminum,
1414 1206 1645 1298 Faventiam,
1662 1211 1900 1304 Ravennam,
1920 1216 1965 1292 δι

647 1307 828 1400 permulta
852 1326 1099 1399 recuperares·
1135 1300 1235 1394 Qrae
1252 1302 1317 1379 etsi
1334 1307 1471 1400 eripere
1488 1305 1556 1377 tibi
1574 1306 1684 1378 hostis
1703 1307 1842 1403 potest,
1868 1311 1965 1408 quin

648 1422 768 1476 tamen
795 1403 931 1498 primus
959 1395 1180 1472 Pontificum
1206 1401 1287 1473 haee
1308 1404 1429 1473 omnia
1445 1400 1611 1498 gesseris,
1636 1401 1780 1477 efficere
1797 1428 1871 1479 non
1887 1432 1964 1504 po·

648 1499 730 1573 tesi.
779 1501 1001 1597 Magnorum
1036 1497 1134 1570 enim
1168 1497 1378 1594 Principum
1404 1500 1519 1572 virtus
1545 1525 1618 1572 non
1643 1526 1690 1573 ex
1717 1500 1797 1573 casu
1823 1524 1886 1576 aut
1912 1529 1964 1580 ex

646 1617 802 1688 eventu,
831 1597 888 1670 sed
906 1620 952 1670 ex
969 1593 1126 1668 confiliis
1143 1591 1414 1692 actionibusque
1432 1596 1602 1670 censenda
1619 1597 1683 1671 est.
1719 1599 1759 1672 N
1764 1623 1835 1674 une
1853 1600 1966 1680 rebus

695 1693 754 1767 stis
772 1697 852 1767 baec
870 1696 943 1767 duo
962 1693 1126 1765 deerant:
1152 1712 1195 1767 ut
1213 1693 1400 1790 Synodum
1417 1719 1566 1771 vocares
1585 1697 1624 1768 ὃ(
1643 1700 1827 1771 communi
1843 1699 1962 1782 chri2

684 1793 844 1869 'anorum
864 1791 965 1864 hosti*
976 1789 1111 1863 bellum
1128 1789 1323 1865 indiceres:
1354 1793 1394 1866 dc
1411 1816 1492 1888 quae
1510 1791 1555 1864 ab
1574 1794 1680 1865 initio
1697 1792 1834 1893 semper
1850 1800 1963 1896 cogi.-

646 1889 754 1980 tasti,
779 1885 1039 1984 spospondisti,
1056 1887 1267 1978 decrevisti,
1289 1889 1371 1986 jam>
1386 1892 1494 1978 Deo,
1513 1892 1587 1984 jam
1606 1891 1812 1965 Christiano
1829 1898 1966 1993 gregi,

639 1987 718 2079 jam
738 2005 811 2056 tuae
830 1985 974 2081 praestes
990 2004 1071 2056 tum
1090 1986 1237 2076 pietati,
1257 2007 1334 2055 tum
1350 1983 1447 2054 fidei.
1476 1987 1532 2054 A'c
1551 1985 1635 2055 scias
1655 2005 1692 2056 te
1708 1987 1823 2062 bonos
1832 2016 1966 2070 omnes

641 2078 683 2153 in
701 2103 867 2176 magnam
885 2081 981 2174 spem
998 2077 1162 2150 erexisse:
1183 2082 1320 2174 quippe
1337 2080 1399 2167 qui
1416 2077 1591 2146 beliorum
1612 2081 1650 2148 &
1668 2083 1846 2157 malorum
1863 2109 1967 2166 tem·

644 2197 775 2272 porum
793 2176 924 2268 injuria
939 2172 983 2241 ad
1001 2171 1081 2240 haec
1101 2169 1297 2240 differenda
1314 2167 1458 2242 coa&us
1477 2170 1621 2265 quidem
1633 2172 1740 2249 fueris
1749 2208 1764 2263 3
1783 2179 1826 2250 ad
1837 2189 1967 2279 negli-

643 2270 761 2368 genda
784 2293 871 2342 vero
888 2268 926 2342 &
944 2261 1142 2340 differenda
1157 2288 1231 2340 non
1248 2266 1374 2358 minis,
1400 2291 1475 2338 non
1492 2266 1594 2360 telis,
1619 2292 1698 2351 non,
1709 2273 1870 2348 cladibus
1888 2284 1965 2355 ad.

644 2366 928 2466 ducipqtuer-is:
945 2367 1033 2465 quio
1048 2368 1207 2441 animum
1216 2391 1258 2443 ea
1266 2363 1693 2460 constantiafimaveris,
1711 2371 1787 2445 urii
1797 2370 1962 2477 flemus,

640 2465 701 2540 ne
718 2462 842 2564 a'quae:
872 2489 1074 2564 quanquam
1091 2465 1242 2541 multae:
1270 2463 1413 2538 firmam
1429 2484 1549 2538 umen
1566 2469 1752 2551 caritatem
1772 2490 1870 2551 tuam
1888 2495 1964 2552 ex.

642 2561 811 2662 tinguere
827 2588 899 2637 non
919 2565 1117 2662 potuerint.
1152 2564 1221 2638 Ille
1238 2565 1359 2661 itaque
1376 2561 1471 2637 idem
1492 2563 1614 2660 Deus,
1640 2567 1703 2664 qui
1722 2591 1856 2668 praeter
1866 2572 1964 2666 Jhaec

641 2664 766 2737 omnia
782 2687 864 2762 quae
881 2664 926 2736 ad
944 2664 1101 2736 animum
1121 2660 1352 2736 excitandum
1370 2664 1598 2757 enumeravi,
1615 2665 1835 2743 immortalia
1843 2668 1962 2746 bene-

644 2758 832 2857 ficia,.his
858 2759 1096 2860 superioribus
1114 2760 1233 2853 annis,
1263 2778 1341 2832 tum
1359 2759 1559 2856 Bononiae,
1584 2782 1663 2835 tum
1681 2765 1839 2861 Romae,
1868 2793 1962 2846 cum

641 2861 749 2937 etiam
768 2863 861 2937 intra
869 2860 961 2935 aedes
976 2880 1052 2935 tuas
1060 2856 1241 2933 extinctus
1252 2857 1447 2952 habereris,
1467 2861 1622 2934 invitam
1632 2866 1841 2959 revocavit,
1860 2867 1965 2945 &ad

641 2958 724 3033 haec
741 2956 898 3034 maxima
914 2982 1022 3054 opera
1066 2956 1195 3030 erenda
1212 2953 1424 3048 reservavit,
1447 2959 1501 3030 uti
1521 2956 1651 3055 &ipse
1668 2961 1768 3036 Deus
1786 2962 1958 3043 extinsh

641 3054 818 3128 Pontifici
846 3054 1020 3125 manifesti
1048 3077 1122 3122 imo
1149 3054 1323 3125 miraculo
1350 3054 1388 3127 δι
1413 3053 1582 3131 Pontifex
1601 3057 1772 3134 extineeae
1789 3061 1959 3139 ecclefiae

639 3146 771 3243 sensim
794 3145 997 3220 sansiissrma
1024 3146 1173 3244 Synodo
1199 3149 1311 3222 vitam
1330 3150 1553 3249 restitueret,
1578 3175 1684 3269 atque
1701 3181 1772 3232 una
1790 3184 1875 3233 cum
1894 3185 1958 3234 re·

642 3243 838 3315 viviscente
865 3239 1047 3317 Pontifice
1073 3246 1179 3319 etiam
1207 3246 1358 3322 ecelefia
1383 3253 1544 3327 moribus
1570 3253 1808 3330 revivisceret.
1850 3255 1920 3324 Ille
1936 3312 1955 3347 ,

640 3338 811 3434 inquam,
840 3339 937 3416 Deus
956 3344 1049 3441 petit
1065 3346 1301 3441 mandatque,
1327 3367 1368 3419 ut
1387 3347 1461 3421 duo
1479 3351 1541 3423 illa
1557 3353 1676 3423 animo
1694 3353 1856 3435 volutes,
1881 3369 1954 3419 cu-

642 3457 719 3528 res,
746 3461 912 3537 peragam
935 3440 1291 3542 &quemadmodum
1311 3446 1495 3539 Propheta
1508 3446 1635 3541 jubet,
1655 3445 1830 3532 destruas,
1850 3443 1954 3517 evel-

642 3531 712 3626 las,
737 3560 858 3632 eruas,
885 3564 1040 3632 errores,
1067 3545 1216 3630 luxum,
1242 3539 1350 3610 vitia:
1380 3540 1563 3632 instituas,
1589 3538 1768 3630 aedifices,
1787 3539 1954 3640 plantes,

642 3634 946 3730 moderationem,
976 3640 1169 3723 virtutem,
1194 3634 1473 3711 sanctimoniam.
1506 3636 1565 3710 Ad
1583 3635 1663 3706 haec
1681 3657 1769 3707 vero
1787 3638 1952 3738 agenda,

642 3757 724 3809 cum
752 3737 819 3810 alia
843 3733 1042 3831 permuita,
1074 3723 1151 3802 tum
1171 3735 1355 3829 praecipue
1372 3736 1552 3805 exercitos
1568 3728 1708 3804 amissus
1727 3757 1791 3807 nos
1808 3740 1953 3812 excita-

642 3857 680 3906 re
707 3833 837 3920 debet,
868 3825 966 3924 quod
985 3827 1148 3921 equidem
1169 3849 1292 3922 putem
1310 3829 1431 3901 divina
1449 3827 1676 3927 providentia
1693 3827 1849 3927 sasium,
1874 3861 1953 3932 quo

639 3934 751 4005 armis
776 3922 948 4000 Ecclesrae
974 3923 1096 4000 alienis
1124 3927 1206 3999 srcti
1224 3927 1449 4017 cederemus,
1483 3947 1525 4001 ut
1550 3925 1594 3999 ad
1619 3927 1738 4004 nostra
1762 3934 1953 4012 redeuntes

522 4105 526 4114 ,
639 4024 793 4100 νὶἂοτεε
811 4020 1051 4096 evaderemus.
1097 4021 1235 4097 Nostra
1251 4043 1371 4096 autern
1390 4047 1508 4118 arma,
1536 4024 1617 4099 sunt
1635 4028 1770 4125 pietas,
1796 4033 1952 4130 religio,

639 4121 821 4234 probitas,
839 4119 1136 4221 supplicationes,
1155 4138 1263 4213 vota,
1282 4119 1394 4204 lorica
1410 4119 1519 4222 fidei,
1535 4144 1645 4225 atque
1661 4151 1758 4206 arma
1773 4131 1887 4300 luciq,
1906 4153 1952 4207 ut

635 4262 639 4269 ,
1880 4251 1951 4327 ΡΟ,
