4884 5042
582 550 695 640 1272
781 578 786 585 -
851 473 1228 606 ursroara
1280 468 1716 601 uvnNouLu
1766 525 1941 628 nnn.

626 707 655 750 „
678 653 729 727 mi
754 672 816 726 tua
842 648 1109 723 mansuetudine
1135 646 1217 719 sreti
1246 645 1389 744 prodire
1404 645 1477 720 ausa
1495 643 1635 739 sumus,
1654 671 1708 718 ac
1728 646 1937 743 obsecrare,

628 804 657 846 „
682 771 724 823 ut
742 751 778 823 id
797 749 898 823 nobis
914 772 1063 838 annuas,
1090 745 1181 817 haud
1201 764 1243 815 ut
1260 746 1473 817 arbitramur
1490 746 1654 837 temere,
1670 745 1744 817 &c
1765 747 1837 818 &c

680 862 712 935 §.
740 845 876 920 CXIV
905 846 999 916 Haec
1024 845 1138 932 inter,
1174 841 1239 938 ipsa
1265 842 1449 914 Pontificii
1474 841 1594 912 omnia
1619 864 1746 939 agere,
1781 867 1853 939 quo
1882 842 1937 914 E·

631 945 830 1041 vangelicae
852 940 1026 1014 dodtrinae
1057 961 1120 1035 per
1147 939 1372 1036 Zwiuglium
1400 939 1625 1010 annunciatae
1643 939 1784 1011 obicem
1806 964 1939 1037 ponere

633 1040 795 1140 possent,
828 1062 980 1134 eumque
1006 1038 1043 1107 in
1065 1035 1173 1108 finem
1193 1057 1410 1131 procurant,
1443 1056 1484 1107 ut
1513 1034 1714 1132 Episcopus
1741 1038 1868 1109 iterum
1899 1037 1937 1109 d.

518 1229 522 1233 η
629 1159 741 1211 xxiv.
764 1137 857 1232 Maji
882 1157 983 1226 1522.
1012 1157 1141 1205 novam
1170 1135 1213 1203 ad
1235 1135 1404 1205 Senatum
1423 1131 1675 1226 Praepositurae
1695 1134 1855 1206 mitteret
1873 1135 1941 1205 Pa·

634 1232 804 1323 raenesrn,
833 1231 880 1324 (a)
900 1230 1119 1327 querelarum
1139 1232 1176 1302 &
1194 1230 1401 1327 injuriarum
1421 1230 1559 1327 plenam
1573 1262 1585 1316 3
1597 1231 1643 1322 ,in
1660 1255 1730 1326 qua
1747 1230 1938 1327 equidem,

634 1327 940 1418 astutocorisrlio,
977 1350 1043 1398 nec
1059 1327 1256 1422 Zwinglii,
1288 1351 1353 1399 nec
1373 1327 1590 1424 collegarum
1607 1329 1706 1423 ejus,
1739 1329 1873 1400 mentio
1890 1326 1938 1415 fit

636 1426 815 1524 expressa,
846 1422 902 1495 scd
921 1422 1067 1495 occulte
1088 1444 1225 1514 tamen,
1251 1444 1357 1521 atque
1375 1424 1437 1496 sub
1456 1422 1646 1496 involucro
1661 1448 1784 1496 eorum
1803 1422 1938 1496 doen-i·

635 1548 681 1596 na
705 1522 913 1620 sugillatur,
946 1520 1042 1614 iique
1059 1519 1266 1612 turbarum,
1300 1520 1510 1594 desedtionis
1527 1520 1547 1593 ὲ
1564 1521 1656 1612 fide,
1689 1519 1938 1613 schismatum,

635 1618 842 1692 conculcati
860 1615 1013 1708 ordinis,
1039 1638 1145 1714 atque
1163 1617 1337 1714 negledlae
1354 1615 1552 1716 disciplinae
1573 1617 1855 1712 Ecclefiasticae‚
1886 1619 1939 1690 rei

634 1735 857 1816 arguuntur,
879 1737 919 1784 ac
938 1713 1078 1786 tandem
1098 1710 1179 1809 ipsrs
1195 1715 1389 1787 Canonicis
1405 1716 1476 1788 hoc
1496 1717 1716 1826 injungitur:
1751 1769 1777 1810 ‚,
1795 1717 1938 1812 Qrem·

636 1864 667 1909 „
688 1811 881 1885 admodum
891 1807 1199 1907 ergobeatiffimus
1210 1812 1305 1909 Papa
1315 1812 1455 1906 noster,
1474 1812 1588 1886 felicis
1599 1815 1782 1885 memoriae
1794 1816 1873 1886 Leo
1884 1812 1936 1885 X.

638 1961 665 2002 „
692 1910 730 1984 δί
747 1904 987 1980 Sereniffimus
1003 1908 1204 2006 Imperator
1221 1909 1475 1983 Romanorum
1495 1910 1646 1983 Carolus
1665 1909 1713 1979 V.
1740 1934 1855 2008 nuper
1870 1912 1942 1983 hu·

525 2025 528 2030 ·
638 2002 846 2104 „jusmodi
880 2027 973 2075 nova
1009 2005 1178 2101 dogmata
1210 2005 1494 2096 damnaverunt,
1537 2006 1575 2075 &
1601 2005 1765 2077 damnata
1786 2008 1942 2104 publicis

637 2153 669 2195 „
695 2101 867 2175 mandatis
887 2100 1175 2196 declaraverunt,
1193 2119 1360 2196 tanquam
1375 2100 1456 2190 illa,
1475 2120 1556 2193 quae
1572 2096 1638 2170 smt
1657 2101 1945 2175 contraiecclesr·

641 2251 670 2295 „
695 2200 837 2272 asticam
863 2196 1152 2295 dispositionem,
1184 2215 1311 2268 contra
1338 2195 1593 2294 Evangelicam
1620 2194 1760 2291 legem,
1796 2198 1941 2269 institu-

641 2350 668 2392 „
693 2297 799 2370 tionis
820 2295 1051 2391 Evangelicae
1069 2293 1266 2364 unitatem:
1293 2293 1342 2364 ita
1359 2317 1446 2384 vos,
1472 2315 1560 2389 quos
1577 2291 1762 2364 nobiscum
1783 2294 1939 2390 Spiritus

578 2395 581 2400 ’
642 2449 670 2490 ,,
695 2393 830 2468 sanetus
857 2389 975 2489 posuit
993 2412 1114 2490 regere
1128 2387 1327 2462 Ecclesiam
1345 2388 1502 2482 Christi,
1534 2413 1640 2487 quam
1657 2390 1846 2487 acquisrvit
1861 2389 1940 2463 san·

642 2546 671 2588 „
697 2498 805 2604 guine
820 2489 905 2582 suo,
925 2488 1179 2579 cohortamur,
1197 2511 1262 2584 per
1276 2511 1477 2583 eam-quam
1498 2487 1649 2583 quilibet
1667 2486 1888 2562 Christianus
1899 2488 1945 2562 de

643 2587 935 2684 „immaculatae
968 2584 1103 2683 sponsae
1137 2584 1207 2660 luae
1236 2583 1396 2658 ecclesrae
1425 2582 1524 2656 soeda
1548 2581 1705 2658 scissione
1728 2583 1940 2685 compaffio·

642 2741 671 2782 „
696 2712 777 2762 nem
802 2686 919 2786 gerit,
950 2703 991 2755 ut
1016 2683 1096 2755 haec
1115 2683 1286 2781 dogmata
1302 2682 1586 2780 postponantur,
1619 2683 1835 2780 abjiciantur
1852 2686 1945 2757 inte·

642 2837 670 2881 „
695 2788 786 2878 rim,
814 2807 885 2856 non
904 2780 1167 2880 praedicentur,
1192 2779 1437 2879 disputentur,
1455 2799 1517 2852 aut
1534 2776 1749 2876 doceantur,
1775 2786 1832 2856 vel
1851 2783 1946 2879 pub-

643 2937 673 2982 „
695 2884 764 2957 lice
789 2883 844 2953 vel
869 2879 1035 2968 occulte,
1067 2878 1156 2950 nihil
1185 2881 1291 2950 etiam
1311 2879 1502 2970 alteretur,
1535 2879 1770 2972 immutetur,
1804 2880 1948 2953 autin-

644 3035 672 3077 „
699 2999 852 3054 novetur
872 2978 967 3050 circa
984 2974 1144 3046 ecclesrae
1160 2975 1294 3066 ritum,
1314 2976 1429 3052 donec
1448 2975 1524 3068 illi,
1542 2998 1696 3074 quorum
1715 2977 1881 3068 interest,
1901 2975 1946 3048 de

671 3110 674 3115 ’
1845 3097 1948 3169 „ec-

686 3253 764 3334 Jam
777 3270 875 3314 rumor
888 3249 924 3331 est
932 3295 941 3327 ,
958 3247 1103 3338 plerosque
1117 3254 1249 3341 coniuges
1263 3255 1373 3320 ᾰκᾰιιηι
1387 3253 1549 3344 destgnasse,
1580 3280 1635 3321 aaa
1650 3257 1730 3319 moda
1742 3256 1821 3337 apud
1835 3252 1950 3315 Helves

645 3339 705 3416 atos,
722 3337 835 3422 nostros,
864 3355 970 3396 verum
991 3339 1082 3398 etiam
1104 3335 1203 3418 paffim
1226 3340 1305 3425 apud
1315 3363 1427 3417 ornnes,
1456 3344 1557 3427 paors
1581 3347 1624 3402 ira
1633 3336 1757 3421 professa
1763 3336 1853 3414 supra
1867 3338 1949 3395 vires

638 3420 752 3499 suerit,
770 3441 824 3483 non
840 3418 918 3482 moda
933 3433 1013 3500 aaa,
1028 3419 1084 3500 sed
1093 3420 1172 3509 lange
1179 3430 1358 3508 patentioris,
1377 3439 1448 3506 pace
1463 3420 1532 3486 Tua
1544 3355 1710 3483 errim.

689 3500 818 3567 Proinde
837 3512 1020 3588 parvitatem
1043 3506 1165 3588 nostram
1190 3530 1226 3569 ne
1247 3513 1335 3568 nauci
1344 3510 1461 3581 feceris.
1503 3505 1548 3566 Sae
1589 3505 1700 3562 etenim
1713 3498 1751 3580 est
1765 3495 1847 3560 alitor
1862 3496 1951 3559 valde

645 3601 799 3668 opportuna
812 3587 924 3653 locutus.
967 3589 1011 3652 Er
1025 3589 1157 3672 qaamvri
1169 3587 1388 3666 paafilla'samus,
1408 3583 1519 3668 Christi
1534 3584 1750 3657 tamensumus.
1791 3579 1867 3666 Quas
1883 3595 1949 3642 aaa·

584 3722 586 3727 .
644 3685 711 3734 tam
726 3673 820 3756 abest,
841 3689 874 3737 ut
890 3686 1045 3735 contemnas
1060 3681 1094 3727 aar
1108 3668 1236 3748 receptui,
1258 3674 1378 3731 evenire
1391 3662 1728 3749 russatamfirmraer
1743 3668 1843 3727 medas.

685 3753 769 3821 Deus
791 3757 925 3840 Optimus
948 3749 1108 3812 Maximus
1129 3745 1342 3813 Eucteanam
1362 3744 1461 3813 Tuan
1474 3749 1527 3812 aia
1541 3744 1712 3809 incolumem
1729 3746 1769 3819 &³
1785 3750 1860 3811 reela
1875 3747 1909 3809 de
1916 3750 1949 3826 se

635 3841 809 3922 ¹sentientem
821 3840 987 3914 conservet,
1009 3852 1098 3917 quam
1108 3835 1228 3911 summa
1240 3829 1408 3898 bumilitate
1421 3838 1551 3979 azimus
1565 3834 1704 3904 marari,
1724 3848 1759 3894 aar
1773 3853 1869 3892 omnm
1878 3837 1952 3917 aqui

643 3917 914 4083 anpppansulaa.
957 3911 1011 3976 Ex
1028 3912 1133 3980 Erema
1150 3913 1194 3980 D.
1207 3914 1334 4001 Virginei
1348 3915 1428 4002 apad
1474 3914 1595 3980 asverias
1608 3909 1659 3974 M.
1678 3911 1722 3978 D.
1738 3911 1839 3976 XXII.
1850 3915 1954 3996 secun·

691 4093 739 4170 (a)
764 4108 795 4152 V·
810 4085 895 4167 Ort·
918 4045 1133 4150 ZWINGL·
1155 4079 1202 4149 T·
1217 4101 1241 4150 ¹·
1263 4099 1293 4164 P·
1314 4099 1384 4147 120·
1401 4081 1470 4165 sqq·
1500 4081 1553 4150 ubi
1565 4081 1632 4168 ipsu
1648 4081 1714 4147 haec
1731 4078 1892 4149 Paaeners
1910 4078 1955 4143 le·

538 4230 544 4236 .
641 4172 734 4256 gitur.
