4884 5042
1167 516 1306 614 (159.)

597 666 735 757 prorsus
747 685 814 735 non
826 665 1076 760 intelligunturt
1101 659 1138 734 &
1149 660 1196 733 ob
1206 658 1401 761 negledtum
1415 659 1691 756 interpretationis
1703 686 1769 770 ego
1785 687 1872 762 quo·

595 779 664 851 que
684 757 780 828 vobis
796 758 882 853 saepe
904 757 1066 829 barbatus
1083 756 1168 827 sum.
1220 760 1306 830 Sane
1334 755 1417 826 nihil
1443 779 1592 851 unquam
1612 756 1644 826 in
1665 759 1762 829 sacris
1778 759 1872 858 lego,

591 854 689 945 quod
701 876 769 921 non
781 877 823 922 eit
843 851 1038 922 totnanimo
1052 872 1185 947 precor,
1209 849 1229 921 al
1247 849 1345 921 vobis
1361 872 1501 945 quoque
1519 848 1678 947 intelligi,
1704 873 1776 923 uta
1801 877 1871 930 erte

596 946 694 1015 vobis
715 945 875 1041 loquatur
894 944 1076 1033 Christus,
1103 944 1139 1015 ὅ(
1169 966 1238 1013 non
1269 968 1328 1039 per
1352 941 1555 1038 parabolam.
1613 948 1661 1016 Et
1696 946 1871 1041 ptochio,

592 1038 805 1130 quantumin
819 1063 873 1110 me
884 1037 1040 1126 est‚nibil
1053 1043 1072 1108 a
1085 1036 1182 1108 vobis
1194 1038 1335 1109 celarem
1349 1060 1394 1107 un
1422 1057 1515 1124 uatn,
1529 1036 1564 1107 ni
1575 1041 1679 1109 letica
1691 1040 1869 1114 consuetu·
1975 1088 1995 1128 ⁴·

586 1131 674 1202 dinis
694 1132 748 1202 lex
766 1153 831 1202 tam
853 1129 1020 1204 obstaret:
1047 1156 1119 1228 quo
1136 1153 1204 1200 non
1229 1130 1338 1203 solum
1356 1061 1476 1202 eoiem
1494 1131 1627 1218 animo,
1654 1131 1707 1201 sed
1727 1134 1764 1206 &
1784 1135 1870 1207 idio.

586 1225 803 1296 mateeodem
820 1225 997 1297 Christum
1016 1226 1268 1324 glorificemus:
1289 1226 1326 1297 &
1342 1224 1479 1318 quoties
1493 1224 1575 1295 mihi
1589 1225 1622 1294 in
1634 1223 1806 1320 scripturis
1817 1228 1869 1300 lo·

585 1320 704 1413 quitur
728 1319 904 1407 Christus,
927 1319 1089 1415 loquatur
1115 1320 1152 1390 ὅ(
1170 1317 1288 1405 vobis,
1312 1319 1348 1392 ὃ(
1365 1343 1421 1391 me
1442 1317 1521 1388 Deo
1545 1317 1724 1413 loquente,
1747 1320 1868 1394 eodem

584 1410 766 1502 idiomate,
791 1434 852 1484 vos
895 1436 1010 1508 uoque
1036 1435 1172 1484 mecum
1191 1413 1269 1483 Deo
1286 1411 1485 1509 loquamini.
1541 1412 1650 1509 Atqui
1668 1435 1734 1509 ego
1751 1412 1868 1508 latine,

585 1512 647 1576 v'os
665 1437 1079 1604 Germaniceioquimini,
1099 1507 1135 1578 ὃ(
1161 1503 1364 1595 sie'usdem,
1383 1527 1423 1579 ut
1444 1504 1601 1593 confido,
1625 1508 1747 1596 animi,
1766 1507 1799 1580 in
1818 1509 1866 1582 sa·

583 1600 649 1672 cris
667 1620 777 1672 tamen
798 1624 866 1671 non
883 1601 1029 1672 e'usdem
1049 1598 1138 1671 labii.
1224 1601 1288 1671 tin
1307 1601 1375 1687 his,
1397 1625 1476 1696 quae
1497 1599 1573 1670 Deo
1587 1600 1779 1697 loquimur,
1797 1627 1866 1675 non

585 1713 740 1781 tantum,
766 1693 837 1764 imo
861 1626 945 1765 nihil
968 1692 1111 1790 periculi
1132 1691 1229 1781 esset,
1248 1693 1347 1766 etiam
1377 1690 1401 1765 fi
1429 1693 1665 1790 unusquisque
1720 1720 1865 1791 topriam

582 1785 734 1884 linguam
752 1786 893 1876 habeat,
915 1812 991 1858 nam
1021 1788 1088 1859 hoc
1105 1784 1169 1875 est,
1193 1787 1271 1859 Deo
1295 1789 1330 1860 bt
1350 1786 1409 1859 fibi
1429 1786 1489 1883 ipfi
1512 1787 1620 1882 loqui.
1669 1719 1866 1880 gaeterum,

580 1881 664 1953 dum
678 1905 743 1978 ego
757 1883 810 1954 vel
829 1873 1129 1978 aliussepistolam,
1150 1901 1209 1953 aut
1227 1882 1456 1980 Euangelium
1475 1879 1573 1979 legit,
1600 1907 1680 1953 cum
1698 1883 1863 1973 nonsibi,

578 1973 633 2047 sed
651 1977 797 2047 ecclefiae
825 1976 921 2073 legit,
942 1977 1090 2047 multum
1104 1974 1228 2062 refert,
1252 2000 1293 2047 an
1311 1976 1540 2072 intelligamur
1554 1974 1597 2046 ab
1611 1975 1763 2062 ecclelia,
1781 1978 1866 2049 alio·

582 2071 666 2166 quin
685 2069 816 2158 sumus,
839 2091 877 2142 ut
892 2069 1049 2140 inabrem
1074 2069 1261 2163 loquentes.
1310 2071 1357 2141 At
1369 2068 1504 2164 quoties
1515 2069 1581 2139 hoc
1598 2071 1863 2169 contirigit‚rem

580 2162 627 2234 ita
651 2163 806 2241 firmante
824 2163 1004 2235 inveterata
1020 2163 1295 2236 consuetudine?
1327 2165 1412 2235 Non
1432 2161 1508 2236 sinit
1533 2163 1676 2235 brevitas
1696 2167 1862 2262 temporie

578 2250 727 2351 semper,
756 2279 793 2329 ut
815 2258 915 2330 latine
941 2258 1027 2330 lecta
1057 2258 1263 2352 interpreter.
1317 2261 1475 2330 Attamen
1505 2256 1646 2329 charitas
1667 2260 1790 2355 jubet,
1822 2283 1862 2347 ut

577 2349 690 2443 quoad
709 2349 783 2419 fieri
801 2352 929 2441 potest,
955 2351 1090 2442 prosim.
1140 2353 1281 2448 Urgeor
1309 2350 1415 2449 igitur
1432 2352 1511 2421 hinc
1532 2351 1569 2421 bc
1586 2350 1674 2422 inde.
1725 2355 1860 2429 Vellem

577 2463 638 2536 pet
651 2463 705 2511 tue
721 2464 784 2535 pro
809 2442 898 2512 hetae
915 2443 1142 2527 &Christum
1161 2462 1275 2605 aperte
1293 2443 1408 2537 loqui,
1430 2444 1473 2513 ita
1491 2464 1532 2516 ut
1540 2441 1583 2512 ab
1595 2444 1756 2518 omnibus
1769 2449 1860 2537 capi·

577 2558 635 2624 at,
654 2533 707 2605 sed
723 2533 769 2604 ob
797 2556 830 2604 at
845 2534 1080 2622 consuetudo,
1102 2558 1168 2628 qua
1205 2536 1346 2608 ablenus
1356 2561 1423 2607 non
1440 2533 1512 2628 nisa
1521 2537 1622 2607 latina
1643 2536 1858 2613 teetio'habi-

577 2637 627 2700 tat
651 2627 891 2715 dehumabat,
911 2628 1021 2700 addita
1036 2627 1084 2699 est
1101 2628 1340 2722 interpretatio.
1389 2630 1486 2723 Qrid
1502 2626 1640 2716 faciam?
1666 2631 1756 2704 Scio.
1783 2629 1853 2707 D'a·

576 2720 622 2794 ho
637 2721 765 2817 aliquid
790 2722 1060 2811 consuetudini,
1075 2721 1279 2794 dabo’e‘tiam
1301 2722 1429 2819 aliquid
1453 2722 1618 2816 charitati.
1671 2724 1856 2818 Excufiabit

573 2817 732 2903 charitas,
764 2817 859 2912 quod
880 2816 1012 2891 decedit
1028 2816 1181 2914 prillinae·
1197 2814 1455 2902 conlitetudini,
1480 2814 1560 2886 feret
1575 2815 1739 2903 charitas,
1761 2823 1856 2914 quod

573 2909 807 3008 indulgebitur
828 2898 1073 2985 consuemdini.
1125 2912 1274 2985 Excuset
1294 2911 1401 3008 igitur
1419 2909 1582 2984 charitas:
1612 2931 1650 2982 ut
1676 2910 1773 3002 (ficut
1797 2915 1855 2987 de·

573 3003 808 3079 liberavimusi
833 3010 1005 3078 alenariice
1034 3007 1188 3102 epistolam
1212 3014 1252 3087 ce,
1283 3013 1480 3105 eamgda'um
1512 3012 1541 3074 le
1556 3032 1672 3089 ms,
1707 3004 1727 3077 si
1756 3006 1855 3080 inter·

532 3185 536 3189 ῃ
571 3100 723 3194 pretandi
750 3099 881 3170 latinam
902 3101 1084 3175 leuiorem
1094 3105 1331 3195 opportunitas
1344 3102 1514 3176 defuerit-z.
1582 3122 1625 3169 ita
1640 3098 1856 3191 consuetudi·⁹

569 3191 766 3281 nialiotum
782 3194 866 3264 iufra
890 3196 1034 3267 abinutr.
1085 3197 1115 3267 F
1116 3215 1184 3265 erat
1197 3195 1354 3284 cluritas,
1376 3197 1469 3290 quod
1489 3215 1647 3293 praetetea
1666 3186 1747 3266 nihil
1761 3196 1854 3273 aliud

570 3287 802 3358 immutamus.
870 3291 1011 3362 ·tenim
1025 3291 1182 3385 quaedam
1197 3294 1507 3374 mutamus,vcllta
1520 3280 1681 3361 charitate
1698 3288 1853 3382 lechnus,
1924 3338 1927 3343 >

569 3383 665 3478 quod
681 3407 761 3454 vero
773 3381 807 3455 in
818 3381 980 3457 aliiurlon-
994 3385 1239 3473 idcmfacimue
1250 3434 1264 3470 ‚-
1280 3386 1429 3456 aliorum
1446 3385 1586 3479 charitas
1596 3384 1709 3480 cogit:
1732 3409 1776 3457 ne
1786 3410 1852 3480 pue

572 3497 645 3549 tent
668 3488 737 3548 noa
747 3477 1031 3553 omnino-eorum
1043 3492 1189 3550 morem·
1212 3477 1384 3567 fastidire-‚.
1399 3481 1435 3551 &
1453 3476 1667 3573 ,occafionem
1681 3501 1852 3574 quaerere,

569 3592 610 3662 att
621 3571 664 3644 ab
675 3571 789 3644 amicis
802 3571 1023 3653 dissideamus.
1072 3573 1350 3666 ontlomnium
1371 3572 1519 3644 maxime
1536 3571 1637 3661 absit,
1650 3595 1850 3669 ‘utpropteq

569 3687 623 3737 rea
642 3665 852 3760 periclitetur
866 3668 1034 3756 clmir-as,
1053 3668 1364 3764 quin·potius,.hac
1378 3667 1430 3738 via
1443 3667 1671 3763 quaeratur&
1684 3658 1848 3761 ¹[trudetur

568 3757 721 3832 charitat.
771 3761 1159 3835 Audierisenim'omnitt
1168 3761 1420 3854 ad-chatitttern
1437 3787 1500 3851 nos
1515 3754 1688 3855 allectam,
1709 3744 1850 3857 charita}

570 3869 636 3922 tem
654 3853 767 3925 soum·
779 3854 939 3950 pincipe,
962 3855 995 3927 in
1013 3857 1170 3928 charitate
1184 3855 1293 3953 legem
1313 3855 1354 3934 ἃς
1376 3857 1552 3950 prophetas
1571 3855 1715 3953 impleri.
1748 3844 1851 3957 Hanc

569 3946 729 4038 quaerite,
749 3947 836 4027 banc
853 3949 1005 4041 discite,
1030 3951 1119 4036 huie
1142 3950 1274 4041 servate
1286 3949 1465 4042 virtutem·
1486 4005 1489 4021 .
1506 3951 1728 4048 §metretum
1741 3966 1851 4053 pora

568 4086 577 4098 ·
1305 4056 1310 4067 “
1719 4064 1734 4074 ··
1785 4065 1854 4135 tto,
