4884 5042
1200 555 1283 648 ’(’.ῑ
1338 549 1376 648 ·l
1420 604 1441 631 -ι

659 705 836 782 rocauone
850 701 1049 796 hujusmodi
1065 725 1126 801 per
1139 573 1509 801 public14documenta
1527 701 1561 773 in
1579 701 1689 773 forma
1711 696 1798 798 juris
1815 701 1968 814 validaj

660 800 863 875 inmanibus
874 803 1022 872 duorum
1042 794 1269 871 Praelatorum
1285 796 1496 898 conligauta,
1516 797 1559 867 ad
1577 820 1639 869 nos
1658 796 1742 868 infra
1760 797 1845 869 alios
1864 799 1967 872 simi.

646 894 708 969 >les
727 894 975 993 stragimadies
992 892 1265 981 transmittenda,
1288 892 1343 964 vel
1354 917 1414 990 per
1425 891 1608 990 ipsummet
1627 889 1667 976 (st
1685 892 1727 963 ad
1753 915 1815 964 nos
1835 895 1969 971 venire

660 991 828 1077 voluerit,
849 989 945 1086 quod
959 990 1065 1086 magis
1075 987 1236 1085 placeret)
1250 1010 1330 1059 cum
1346 985 1487 1083 praefato
1503 983 1691 1082 plenillimo
1708 983 1802 1058 salvo
1819 990 1968 1063 condu-

659 1081 737 1173 ἆυ,
760 1107 865 1180 quem
880 1104 1011 1155 extunc
1029 1085 1262 1169 concedimus,
1283 1078 1476 1170 desttenda,
1502 1105 1564 1153 nos
1576 1082 1733 1153 certiores
1750 1079 1878 1155 efficiat
1921 1105 1970 1159 ut

661 1177 786 1277 deeius
806 1188 883 1250 iera
894 1177 1090 1248 >obedientia
1108 1174 1225 1247 nullus
1240 1175 1461 1248 dubitationis
1474 1175 1659 1272 scrupulus
1677 1173 1781 1246 valeat
1803 1200 1878 1248 rem
1928 1203 1968 1252 e·

660 1269 708 1349 re.
756 1274 867 1361 Alias,
882 1271 913 1344 ti
932 1273 1042 1365 (quod
1054 1270 1153 1357 abiit)
1177 1278 1348 1340 Martinus
1364 1269 1545 1365 praefatus,
1569 1270 1770 1367 complices,
1790 1264 1971 1365 fautores,

655 1367 891 1455 utillimum,
919 1367 955 1438 dt
985 1386 1206 1460 receptatores
1232 1364 1389 1462 praedidii
1419 1367 1512 1438 secus
1532 1366 1684 1461 egerint,
1707 1365 1762 1438 seu
1794 1369 1970 1462 promiffa

662 1463 776 1535 omnia
794 1459 973 1558 &singula
988 1457 1077 1532 itifia
1090 1460 1276 1532 torminum
1321 1459 1500 1533 raedielum
1517 1483 1597 1532 eum
1615 1457 1741 1533 efficto
1761 1482 1832 1530 non
1848 1465 1971 1539 adim.

663 1557 853 1655 plevetint,
883 1553 1039 1650 Apostoli
1057 1554 1222 1626 imitantes
1235 1555 1260 1627 d
1323 1555 1447 1645 tinam,
1468 1557 1530 1652 qui
1549 1555 1747 1628 haereticum
1763 1554 1971 1654 hominem,

663 1652 741 1750 poll
758 1653 903 1747 pinnam
919 1651 958 1724 dt
985 1648 1165 1722 seeumlam
1186 1650 1439 1747 correptionem
1458 1650 1633 1722 vitandum
1660 1649 1797 1737 docuit,
1819 1676 1971 1734 exnunc

664 1756 925 1843 prout—extunc,
940 1746 983 1820 ,ἃ
996 1742 1017 1817 ὲ
1030 1744 1211 1831 converso,
1228 1746 1377 1817 eumdem
1396 1751 1603 1832 Martinam,
1622 1744 1829 1840 complices,
1854 1752 1970 1826 adhc.

664 1864 787 1928 nemu,
806 1836 982 1929 ἧπτες,
1010 1843 1047 1911 &
1074 1860 1305 1936 receptatores·
1324 1840 1503 1936 praefatos,
1530 1842 1565 1911 ὅ(
1591 1861 1711 1911 eorum
1742 1842 1970 1941 quemlibet,

666 1946 840 2030 umquem
859 1936 970 2007 asilos
986 1935 1141 2029 palmites
1158 1938 1192 2006 in
1209 1934 1354 2007 Christo
1382 1959 1450 2005 non
1472 1955 1661 2018 manentes,
1691 1934 1743 2006 sed
1763 1936 1969 2018 doderinam

664 2029 1086 2117 contrat·iam,Catbolicae
1098 2027 1178 2098 fidei
1198 2029 1384 2113 inimicam,
1407 2028 1477 2100 fite
1489 2027 1726 2118 scandalosam,
1748 2028 1805 2102 seu
1820 2033 1971 2114 damna-

667 2141 758 2210 tam,
780 2123 816 2194 iu
826 2149 897 2194 non
912 2123 1079 2194 modicam
1093 2119 1252 2201 offensam
1266 2121 1392 2193 divinae
1405 2122 1597 2217 majestatis,
1618 2149 1657 2195 ac
1673 2124 1875 2201 universalis
1896 2132 1972 2208 Ec.

665 2212 849 2306 clefiae,'&
868 2215 947 2286 fidei
960 2214 1151 2288 Catholicae
1169 2216 1411 2286 detrimentum
1428 2216 1465 2289 ὃ(
1483 2217 1673 2289 scandalum
1691 2221 1972 2318 dogmatizantes

665 2311 714 2388 bt·
729 2310 1112 2408 predicantcaClaves
1128 2326 1270 2408 quoque
1291 2309 1449 2383 Ecclesiae
1462 2311 1723 2408 vilipendentes,
1749 2322 1911 2394 notorios
1930 2328 1971 2402 ὃ(

665 2406 852 2504 pertinaces
871 2404 1043 2480 hereticos
1056 2406 1174 2480 eadem
1186 2405 1389 2478 authoritate
1401 2406 1499 2478 fuiffe
1516 2409 1552 2481 ὅ(
1564 2409 1630 2480 elle
1640 2410 1866 2505 declarantes,
1888 2443 1972 2494 eos.

664 2502 743 2574 dem
757 2521 796 2574 ut
808 2501 904 2588 tales,
927 2502 1046 2574 barum
1060 2501 1142 2574 serie
1149 2501 1433 2589 condemnamus,
1458 2504 1495 2576 &
1505 2528 1562 2575 eos
1575 2528 1638 2600 pro
1650 2503 1770 2578 talibus
1784 2504 1909 2585 haberi
1922 2515 1970 2590 ab

665 2596 830 2669 omnibus
849 2594 966 2668 utriuf
982 2620 1026 2670 ue
1050 2597 1150 2670 sexus
1176 2596 1306 2670 Christi
1326 2597 1486 2670 fidelibus
1507 2598 1707 2695 supradietis
1726 2601 1899 2677 volumus
1928 2612 1970 2686 ὃς

666 2692 889 2782 mandamus,
908 2620 1034 2791 colique
1051 2718 1168 2767 omnes
1200 2695 1236 2765 dt
1255 2692 1406 2790 singulos
1424 2693 1586 2767 omnibus
1608 2694 1806 2791 supradidlis
1825 2699 1865 2772 ὃ(
1889 2705 1970 2779 aliis

665 2809 783 2862 contra
795 2786 913 2863 talesa
929 2791 1007 2889 jure
1028 2787 1164 2861 indiciis
1180 2787 1308 2885 poenis,
1331 2789 1542 2883 presentium
1561 2812 1675 2863 tenore
1687 2789 1913 2889 subjicimus,
1929 2801 1971 2877 &

665 2883 787 2959 eisdem
806 2885 952 2958 irretitos
964 2883 1109 2958 mide&
1121 2883 1186 2956 effe
1198 2883 1412 2956 decernimus
1427 2886 1464 2958 δι
1476 2884 1696 2958 declaramus.

676 3029 681 3040 -
715 2978 914 3050 lnhibemus
932 2999 1091 3074 praeterea
1107 2979 1170 3050 sub
1186 2979 1347 3052 omnibus
1365 2979 1403 3051 δε
1421 2978 1559 3086 singulis
1576 2977 1745 3078 praeiniffis
1763 2985 1900 3077 poenis,
1925 3015 1972 3067 eo

667 3070 742 3169 ipso
754 3072 975 3160 incurrendis,
987 3071 1146 3145 omnibus
1160 3073 1196 3142 ὃ(
1209 3072 1348 3170 singulis
1360 3074 1491 3148 Christi
1505 3074 1664 3148 fidelibus
1681 3077 1834 3171 superius
1849 3089 1972 3160 nomi.

665 3166 765 3252 natis,
791 3188 832 3236 ne
851 3164 988 3260 scripta,
1007 3167 1105 3237 etiam
1124 3164 1276 3261 praefatos
1293 3192 1423 3244 errores
1440 3195 1508 3244 non
1528 3172 1753 3259 continentia,
1775 3172 1970 3256 abeodem

667 3266 818 3333 Martini
839 3260 1101 3356 quomodolibet
1122 3263 1258 3337 condita
1275 3265 1328 3337 vel
1346 3267 1451 3355 edita,
1473 3290 1532 3341 aut
1549 3269 1723 3341 condenda
1740 3268 1793 3339 vel
1812 3272 1973 3370 edenda,

667 3354 725 3429 seu
748 3377 869 3426 eorum
887 3354 1024 3451 aliqua,
1046 3377 1221 3453 tamquam
1240 3358 1283 3432 ab
1301 3360 1439 3435 homine
1455 3363 1672 3437 Orthodoxae
1691 3361 1771 3435 fidei
1796 3362 1973 3465 inimico,

665 3470 770 3548 atque
785 3447 862 3523 ideo
883 3451 1096 3528 vehementer
1108 3453 1277 3549 suspeeta,
1298 3456 1334 3527 dt
1349 3476 1385 3527 ut
1396 3481 1469 3553 ejus
1479 3460 1640 3529 memoria
1652 3459 1792 3527 omnino
1806 3458 1975 3543 deleatur

665 3545 709 3654 de
726 3544 855 3652 Christi
870 3545 1026 3656 fidelium
1044 3547 1230 3630 consortio.
1253 3550 1380 3645 legere,
1404 3551 1563 3638 all'erere,
1585 3553 1784 3656 praedicare,
1812 3553 1974 3656 laudari,

591 3765 593 3769 ‡
630 3642 1975 3844 1lillltu’llllb‘?libellulis?,lillsslllasfilei'uu

666 3858 700 3905 in
713 3833 874 3907 domibus
888 3833 972 3919 suis,
994 3835 1063 3904 sive
1074 3832 1146 3904 aliis
1165 3832 1248 3907 locis
1266 3834 1411 3932 publicis
1429 3831 1482 3906 vel
1500 3854 1657 3931 privatis,
1682 3856 1794 3910 tenere
1812 3863 1976 3941 quoquo

535 3985 539 3993 .
666 3929 772 4001 modo
790 3927 1015 4026 praesumant:
1039 3927 1198 4025 quinimo
1214 3928 1270 4001 illa
1288 3927 1508 4012 comburant,
1528 3951 1567 4002 ut
1590 3936 1769 4026 praefertur
1831 3934 1975 4016 Mone.

667 4045 746 4098 mus
762 4024 900 4122 insuper
916 4046 1034 4098 omues
1052 4026 1089 4099 ὃ(
1107 4023 1258 4122 fingulos
1275 4023 1405 4097 Christi
1423 4024 1540 4102 fideles
1556 4026 1791 4125 supiadiuos,
1819 4028 1977 4201 subdea.

690 4171 694 4179 ·
1022 4168 1026 4172 ·
1248 4193 1254 4203 .
1905 4155 1971 4210 em
