4884 5042
1112 554 1266 667 (Μ.)
1633 658 1639 672 ,
1679 634 1684 641 ·

550 724 558 763 ³
611 698 737 803 tht.
759 720 912 815 Quando
932 743 1013 829 vero
1030 697 1181 819 perfide,
1202 721 1241 795 δε
1258 721 1355 793 extra
1376 698 1528 822 regulam
1542 718 1680 794 Christi
1697 706 1860 833 egerim,

569 824 705 922 possunt
716 848 789 893 cum
803 830 870 892 Deo
881 820 1016 914 deponi.

617 907 756 988 xtltt.
780 915 898 1009 Hujus
920 934 1061 1011 regnum
1079 929 1150 1007 optt

569 1008 607 1176 ft.
626 1033 707 1081 cum
729 1010 806 1081 Deo
826 1027 953 1106 regnat.
1002 1005 1119 1103 Hujus
1142 1029 1224 1078 vero
1244 1001 1421 1100 pessimurn
1440 1006 1478 1079 &
1498 1004 1626 1077 infirmi

587 1103 790 1176 ualibidine.
1398 1123 1400 1127 ’

555 1208 560 1216 ’
618 1197 760 1273 xmv.
791 1193 874 1268 Veri
897 1193 1089 1267 adoratores
1115 1194 1275 1264 invocant
1298 1191 1415 1264 Deum
1434 1191 1469 1265 itt
1487 1192 1606 1291 spiritu
1626 1193 1664 1268 &
1683 1195 1861 1294 veritate,

570 1291 675 1364 corde
690 1311 837 1379 orantes,
864 1312 933 1360 non
944 1288 1092 1369 clamore
1104 1311 1217 1359 coram
1231 1285 1439 1359 hominibus.
1610 1313 1612 1318 ·

618 1384 745 1458 XLV:
764 1381 971 1482 Hypocritae
989 1378 1105 1452 omnia
1121 1404 1224 1477 opera
1242 1378 1299 1452 sua
1316 1378 1442 1452 factum
1467 1400 1505 1454 ut
1523 1381 1708 1457 videantur
1726 1385 1776 1460 ib
1795 1388 1861 1465 ho-

570 1479 735 1567 minibus,
758 1499 934 1574 propterea
947 1475 1134 1548 mercedem
1148 1475 1240 1546 suam
1254 1472 1308 1544 hic
1321 1475 1498 1573 recipiunt.

570 1568 574 1574 ’
619 1569 760 1646 XLVI.
782 1578 940 1644 cantiones
952 1592 1050 1669 ergo,
1070 1567 1127 1642 seu
1139 1567 1251 1640 verius
1267 1567 1392 1657 boatus,
1405 1570 1467 1665 qui
1480 1577 1513 1640 in
1525 1577 1647 1667 templis
1660 1573 1862 1655 finedevo·

572 1667 664 1773 tione
683 1690 746 1764 pro
763 1666 915 1740 mercede
938 1663 1047 1754 fiunt,
1071 1683 1130 1736 aut
1147 1663 1301 1752 laudem,
1322 1683 1381 1741 aut
1399 1665 1570 1759 quaestum
1585 1666 1630 1738 ab
1645 1667 1860 1755 hominibus

595 1779 740 1834 uaertmt.
1313 1769 1319 1786 ‘
1652 1794 1655 1801 ·

465 1886 468 1891 ·
569 1785 606 1921 q.
619 1855 777 1928 Xtth.
800 1853 919 1949 Potius
939 1870 1083 1926 mortem
1101 1850 1225 1953 eligere
1237 1850 1337 1925 debet
1346 1851 1473 1943 homo,
1491 1876 1594 1952 quam
1607 1854 1858 1940 Christianum

491 1980 494 1985 ¹
561 1946 738 2021 'offendere
751 1971 808 2020 aut
846 1945 1029 2019 udefacere.

562 2068 566 2073 ·
620 2043 793 2114 vattt.
823 2105 825 2108 ,
859 2041 893 2110 ui
903 2063 948 2112 ex
965 2038 1160 2112 infirmitate
1175 2059 1235 2111 aut
1251 2037 1439 2137 ignorantia
1449 2039 1577 2138 absque
1587 2043 1691 2118 causa
1705 2051 1792 2127 vuit
1804 2052 1856 2126 ot’·

572 2133 685 2225 fetidi,
707 2159 776 2207 non
799 2135 963 2230 patiamur
981 2153 1020 2205 ut
1038 2132 1065 2203 is
1077 2133 1234 2205 infirmus
1250 2135 1287 2205 ὃ(
1309 2133 1466 2232 ignorant
1481 2158 1630 2226 maneat,
1653 2139 1713 2216 sed
1728 2147 1857 2224 demut

571 2253 726 2329 operam,
743 2228 782 2301 u't
800 2224 1020 2321 rite··edo&os
1041 2225 1164 2298 firmus
1175 2227 1308 2301 tandem
1320 2230 1456 2322 evadat,
1476 2252 1538 2302 nec
1549 2254 1737 2328 peccatum
1749 2242 1856 2320 ducat

556 2327 849 2421 'quodpeccatum
862 2318 1002 2397 nonestt

618 2418 760 2492 XLIX.
784 2427 901 2510 Majtts
912 2422 951 2494 d*
958 2414 1292 2516 graviusfcandalttnn
1302 2440 1453 2514 mpure,
1465 2445 1564 2516 qttaettt
1578 2423 1855 2518 μάρψω.

567 2513 625 2584 bus
636 2519 834 2584 matrimonio
843 2519 980 2611 legitimo
991 2513 1212 2604 interdicitur,
1232 2511 1417 2584 concubinas
1428 2517 1469 2590 ά
1473 2518 1579 2610 scorta
1589 2518 1713 2593 habere
1722 2550 1853 2624 accepta

561 2607 610 2679 aab
623 2615 803 2704 eitpecttnia
835 2614 1022 2678 emittitur.
1143 2611 1147 2620 ’

618 2702 661 2773 L.
684 2703 785 2774 Solus
810 2631 904 2774 iteus
923 2720 1059 2796 peccata
1076 2698 1235 2790 remittit,
1258 2697 1363 2798 idque
1383 2702 1572 2799 petiolum
1591 2704 1784 2786 Christum
1799 2716 1852 2816 Je.

566 2794 641 2867 sum
653 2796 830 2866 dominum
846 2794 1010 2866 nostrum.

565 2910 567 2914 ·
618 2891 676 2959 tt.
700 2888 774 2981 Qui
797 2886 1016 2961 remitiionem
1074 2908 1250 2961 centorum
1267 2888 1430 2965 creaturae
1441 2891 1577 2982 tribuit,
1601 2894 1724 2972 Deum
1737 2905 1851 3002 glorie

564 2982 621 3054 sttrt
637 2983 800 3080 spoliat&
813 2983 1016 3062 idololatrae
1049 3037 1057 3056 .
1236 3076 1238 3080 Ι
1291 3049 1294 3054 .

616 3079 693 3148 Ltt.
717 3080 855 3171 Conseffio
870 3100 953 3174 ergo
971 3082 1051 3172 qu'ae
1069 3075 1232 3153 sacerdoti
1251 3097 1309 3150 aut
1322 3080 1482 3175 pmximo
1502 3080 1559 3173 fit,
1583 3097 1851 3190 nonprormiffi.

543 3224 544 3227 ,
563 3192 616 3239 nne
631 3176 859 3265 peccatorum,'
872 3171 924 3242 sed
938 3196 1002 3267 pro
1013 3169 1259 3244 consultatione
1271 3172 1385 3246 lntberi
1398 3174 1508 3247 debet.

616 3266 710 3335 ΜΗ.
736 3271 852 3360 Opera
869 3265 1098 3339 satistattionis
1114 3291 1133 3338 a
1151 3268 1319 3340 sacerdote
1332 3268 1485 3364 impolita
1498 3269 1850 3366 hnmanaesnnttradi-

563 3365 652 3463 tionis
665 3364 818 3463 (excepta
830 3361 1193 3449 excommunicatione)
1207 3363 1244 3436 ὃ(
1258 3383 1434 3460 peccatum
1447 3387 1518 3436 non
1527 3365 1678 3457 tollunt,
1703 3373 1763 3450 sed
1776 3380 1853 3454 aliis

561 3476 595 3523 tn
612 3470 771 3525 terrorem
786 3477 1023 3552 imponuntur.

615 3546 714 3618 Ltv.
739 3547 899 3622 Christus
920 3552 1055 3621 dolores
1077 3548 1209 3622 nostros
1236 3551 1275 3624 dc
1292 3575 1409 3625 omnes
1427 3552 1558 3626 labores
1578 3554 1719 3634 nostros
1745 3569 1836 3644 tulit

563 3641 623 3731 qui
637 3644 867 3737 verooperibus
883 3642 1146 3739 poenitentialibus
1164 3642 1305 3736 tribuit,
1326 3646 1423 3741 quod
1435 3646 1567 3721 Christi
1577 3646 1685 3725 solius
1697 3657 1770 3753 est,
1795 3626 1852 3739 eri

557 3736 657 3808 rat&
675 3735 789 3818 Deum
802 3733 1018 3831 blasphemat.

610 3829 692 3902 LV.
717 3829 792 3919 Qui
802 3829 856 3931 tei
871 3829 1009 3899 unicum
1025 3850 1200 3926 peccatum
1213 3830 1393 3924 poenitenti
1406 3833 1708 3940 remittetenegn„
1731 3846 1852 3930 ism

410 4002 413 4007 .
559 3921 628 3999 Dei
642 3924 826 4015 necPetrt,
852 3922 905 3996 sed
919 3921 1044 3998 diaboli
1059 3924 1169 3998 ricem
1182 3943 1284 3999 tenet.
1509 3931 1511 3933 ’

550 4038 554 4049 ’
660 4044 663 4049 “
1636 4025 1745 4114 Lvl.
1768 4040 1852 4140 (ξύ

1155 932 1250 983 mum
1267 906 1315 980 est
1331 910 1367 982 δ(
1387 907 1612 982 tirmiffimum
1628 910 1701 1076 fssri
1715 936 1761 986 ex
1778 913 1861 1001 Deo

1653 1029 1776 1081 rmum
1797 1034 1862 1110 qut
