4884 5042
1089 536 1231 638 tm>

524 705 574 766 tes
596 687 831 777 clementiam,
862 684 1021 784 quinon
1050 685 1127 759 vult
1148 705 1294 759 mortem
1325 682 1529 778 peccatoris,
1560 683 1618 758 sed
1638 679 1744 786 magis
1764 683 1809 777 ul

523 809 740 857 convertatur
760 785 797 855 &
819 782 937 871 vivat,
958 779 1113 853 omnium
1136 779 1335 877 injuriarum
1357 778 1518 851 hedenus
1538 778 1638 854 nobis
1652 783 1688 856 ὅ(
1708 786 1812 878 Apo-f

520 879 649 951 stolicae
662 879 728 951 sedi
747 877 913 949 illatarum
930 875 1045 964 obliti,
1066 876 1241 970 omniqua
1260 872 1435 971 possumus
1446 876 1566 969 pietate
1583 875 1636 949 uti
1651 875 1807 949 decrevit

521 996 613 1060 mus,
639 975 854 1069 &quantum
867 971 901 1041 in
916 969 1015 1042 nobis
1031 970 1077 1041 est
1090 992 1206 1067 agere,
1229 988 1267 1040 ut
1279 967 1449 1065 propofita
1467 971 1730 1044 mansuetudinis
1750 970 1810 1045 via‘

519 1070 560 1139 ad
582 1093 643 1140 cor
661 1086 862 1153 revertatur,
885 1065 921 1136 &
939 1061 959 1134 ὲ
976 1062 1141 1159 praedislrs
1158 1063 1289 1135 recedat
1305 1061 1498 1152 erroribus3
1520 1082 1561 1134 ut
1586 1062 1699 1158 ipsum
1719 1086 1806 1138 tam·

517 1184 620 1255 quam
646 1161 758 1231 filium
778 1160 877 1230 illurn
907 1157 1090 1256 prodigunt
1116 1156 1156 1228 ad
1184 1157 1354 1256 gremium
1381 1155 1537 1229 ucclefiae
1560 1177 1781 1231 revertentem
1792 1185 1812 1249 ,⁸

519 1253 662 1352 benigne
675 1260 885 1349 recipiamus.
935 1253 1050 1348 lpsum
1064 1251 1169 1350 igitur
1181 1258 1400 1340 Martinam,
1422 1257 1461 1327 d*
1479 1277 1677 1346 quoscunque
1693 1260 1723 1322 er'
1745 1253 1812 1324 add

516 1349 656 1420 barcam
671 1405 682 1437 ,
712 1370 852 1446 ejusque
878 1367 1096 1444 receptatores
1115 1347 1152 1419 ὃ(
1165 1345 1328 1433 fautores,
1350 1344 1551 1450 perviscera
1566 1345 1812 1420 misericordias
1918 1421 1920 1424 ,

515 1441 583 1515 Dei
606 1446 732 1532 nostri,
753 1446 788 1516 ὃ(
810 1466 869 1537 pet·
890 1441 1108 1538 aspersionem
1128 1440 1295 1538 sanguinis
1321 1439 1462 1513 Domini
1482 1440 1586 1513 nostri
1601 1440 1680 1532 Jesu
1701 1433 1808 1513 Chri·

517 1536 582 1625 sti,
603 1563 675 1634 quo
693 1540 729 1611 ὅ(
747 1557 927 1634 perquem
948 1534 1088 1608 humani
1110 1534 1243 1632 generis
1261 1534 1477 1702 redemptio,
1498 1534 1535 1607 ὃ(
1553 1532 1673 1607 sanstae
1690 1533 1807 1613 mattis

516 1629 675 1705 Ecclesia
697 1633 872 1704 aedrficatio
894 1630 980 1702 sasla
1004 1630 1078 1717 est,
1102 1654 1145 1701 ex
1167 1632 1362 1703 totocorde
1404 1648 1574 1719 ortamur,
1594 1629 1631 1702 &
1650 1626 1807 1701 obsecra·

514 1747 609 1814 mus,
636 1747 673 1799 ut
691 1726 792 1822 ipsius
810 1725 963 1798 Ecclesrae
976 1749 1111 1822 pacem,
1127 1725 1320 1814 unitatem,
1341 1726 1539 1813 veritatem,
1559 1746 1629 1888 pro
1650 1745 1718 1818 qua
1735 1719 1807 1820 iplie

517 1819 674 1892 Salvator
701 1841 768 1892 tam
799 1819 958 1892 instanter
980 1819 1091 1891 oravit
1111 1819 1151 1889 ad
1170 1840 1323 1916 patrem,
1357 1819 1495 1891 turbare
1515 1819 1557 1890 de
1570 1814 1695 1906 tstant,
1724 1818 1762 1892 &
1784 1818 1807 1891 d

515 1914 688 2008 praedistis
713 1935 779 1986 tam
804 1914 995 2007 perniciosis
1016 1913 1215 2002 erroribus,
1263 1911 1374 1986 torsus
1393 1912 1601 1985 abstineant:
1634 1910 1809 1984 inventuri

515 2010 606 2104 apud
626 2034 703 2097 nos,
726 2008 987 2080 fieffestualiter
1010 2011 1205 2106 paruerint,
1287 2008 1430 2104 paruisse
1448 2031 1509 2104 per
1533 2005 1683 2104 legitima
1697 2004 1807 2078 docu-

515 2124 649 2192 menta,
672 2129 734 2176 nos
745 2103 1022 2190 certificaverint,
1049 2124 1195 2196 paternae
1213 2102 1381 2176 charitatis
1395 2100 1571 2190 aflesium,
1597 2101 1805 2199 &apertum

517 2198 785 2270 manfuetudinis
802 2200 839 2270 &
857 2198 1045 2271 clementiae
1062 2197 1204 2272 fontem.

501 2377 503 2382 .
563 2292 757 2364 inhibentes
780 2292 1002 2364 nihilominus
1030 2293 1138 2364 eidem
1166 2301 1334 2384 Marrino,
1359 2318 1512 2382 exnunc,
1538 2311 1579 2365 ut
1604 2292 1736 2366 interim
1754 2292 1809 2372 ,ab

517 2385 614 2452 omni
627 2384 879 2478 praedicatione,
901 2388 958 2455 seu
971 2386 1217 2479 praedicationis
1230 2388 1345 2459 officio
1356 2389 1497 2460 omnino
1516 2385 1658 2458 desistat.
1707 2387 1810 2459 Alio·

515 2475 616 2571 quin,
639 2496 678 2548 ut
694 2476 804 2570 ipsum
822 2484 1033 2566 Martinam,
1062 2478 1191 2550 srforte
1202 2481 1346 2574 justitiae
1370 2486 1406 2554 &
1424 2481 1561 2553 virtutis
1573 2503 1669 2553 amor
1688 2477 1709 2550 ἑ
1728 2504 1807 2579 pec·

516 2589 592 2644 cato
614 2594 683 2641 non
707 2570 872 2660 retrahat,
893 2570 1183 2676 indulgentiaeque
1207 2573 1279 2677 spes
1302 2574 1343 2645 ad
1365 2575 1599 2671 poenitentiam
1617 2598 1687 2645 non
1707 2577 1809 2648 redu·

516 2683 589 2751 cat,
613 2689 791 2760 poenarum
810 2686 919 2737 terror
934 2684 1084 2737 coerceat
1101 2665 1305 2760 disciplrnae,
1325 2671 1470 2742 eundem
1491 2675 1697 2756 Martinam,
1716 2669 1808 2764 ejus&

515 2781 583 2922 pue
604 2760 830 2848 adhaerentes,
853 2759 1055 2855 complices,
1078 2758 1247 2850 fautores,
1272 2762 1309 2835 &
1334 2783 1556 2858 receptatores
1581 2783 1696 2833 tenore
1717 2786 1806 2856 prae·

529 2853 710 2925 entiumie
736 2855 880 2926 uirimus
897 2856 933 2927 &
952 2877 1146 2941 monemus,
1173 2855 1206 2925 in
1232 2856 1358 2929 virtute
1381 2853 1504 2929 sanstae
1520 2854 1739 2946 obedientiae,
1762 2855 1812 2931 &³

515 2946 578 3018 sub
605 2880 776 3040 praediis
790 2947 957 3020 'omnibus
973 2951 1010 3022 &
1040 2948 1177 3047 singulis
1195 2951 1330 3046 poenis,
1350 2976 1392 3026 eo
1414 2952 1423 3021 i
1450 2949 1486 3022 so
1503 2950 1728 3048 incurrendis,
1753 2950 1806 3022 di·

517 3039 631 3116 stridis
652 3044 879 3139 praecipiendo
897 3047 1110 3130 mandamus,
1131 3069 1298 3140 quatenus
1315 3045 1400 3118 infra
1419 2975 1698 3144 sinagintadim,
1719 3041 1810 3141 quoi

514 3159 591 3206 rurn
612 3137 732 3234 viginti
745 3164 807 3233 pro
828 3141 956 3234 primo,
982 3140 1101 3237 viginti
1116 3165 1178 3234 pro
1194 3140 1356 3228 secundo,
1375 3141 1573 3236 &reliquos
1596 3139 1718 3237 viginti
1735 3140 1808 3213 dies

511 3251 690 3326 protento
709 3234 744 3304 &
765 3234 994 3328 peremptorio
1017 3235 1162 3305 termino
1185 3235 1405 3335 affignamus,
1427 3236 1470 3308 ab
1486 3233 1645 3307 affixione
1663 3239 1808 3331 praesen·

513 3329 599 3398 tium
625 3326 658 3396 in
686 3329 769 3398 locis
787 3328 1028 3424 infrascriptis,
1053 3329 1244 3402 immediate
1267 3332 1439 3428 sequentes
1466 3329 1713 3415 numerandos,
1738 3329 1809 3419 ipse

513 3429 699 3509 Martinus,
725 3422 928 3518 complices,
949 3423 1112 3513 fautores,
1133 3425 1386 3499 adhaerentes&
1399 3446 1619 3521 receptatores
1633 3423 1809 3519 praedisti,

516 3514 536 3592 ti
558 3518 905 3612 praefatiserrotibus,
926 3544 1116 3615 eorumque
1129 3521 1384 3614 praedicatione,
1406 3546 1443 3592 ac
1458 3519 1690 3626 publicatione
1707 3518 1743 3589 ὃ(
1755 3519 1811 3591 κβ,

515 3612 675 3699 lertione,
701 3613 892 3685 defensione
906 3638 1063 3709 quoque,
1087 3615 1121 3685 ὅ(
1141 3612 1308 3686 librorum
1326 3613 1382 3687 seu
1405 3615 1644 3712 scripturarum
1657 3613 1807 3686 editione

515 3705 616 3799 super
631 3706 772 3795 eisdem,
796 3708 864 3779 sive
874 3733 992 3780 eorum
1012 3709 1128 3805 aliquo
1139 3709 1280 3781 omnino
1293 3709 1462 3799 desiliant,
1490 3709 1664 3802 librosque
1674 3733 1714 3779 ac
1727 3707 1808 3778 scri··

516 3819 631 3893 ptutas
651 3826 768 3872 omnes
781 3803 817 3874 &
831 3802 989 3898 singulas,
1013 3801 1169 3899 praefatos
1187 3828 1331 3894 errores,
1355 3803 1409 3876 feu
1428 3829 1548 3877 eorum
1566 3803 1700 3896 aliquos
1718 3823 1810 3896 quo·

516 3894 704 3968 modolibet
724 3895 930 3970 continentes
941 3898 1159 3985 comburant,
1183 3899 1237 3968 vel
1256 3897 1413 3972 comburi
1434 3899 1562 3972 faciant.
1613 3896 1687 3993 lpse
1706 3895 1823 3969 etiamr

518 3993 691 4063 Martinus
708 4014 837 4066 errores
849 3991 885 4068 ὃ(
897 3989 1087 4070 assertiones
1098 3993 1451 4164 hujgsmodiomnino
1465 4010 1620 4083 revocet,
1632 4015 1679 4080 ‚ac
1696 3991 1738 4064 de
1755 4015 1810 4065 re·

1212 4110 1234 4193 3
1742 4109 1806 4162 VO·
