4884 5042
744 549 1589 661 PR'AEFATIO.

519 764 586 837 ut,
619 768 772 835 meunt
814 740 1146 871 interponerem
1183 729 1433 861 judicium,
1489 729 1660 834 necesse
1700 754 1817 854 erat,

521 871 797 1007 Quanquam
828 876 951 969 enim
982 899 1103 968 extra
1125 895 1267 1004 partes
1287 863 1441 968 debeat
1459 866 1543 969 esse
1561 863 1818 969 constitutus

520 1010 598 1143 qui
624 1002 867 1104 Historiam
900 1002 1158 1125 conscribit,
1205 1035 1344 1099 nemo
1365 1030 1514 1101 tamen
1533 1003 1815 1125 dubitaverit,

519 1175 620 1239 earn
661 1137 899 1278 perinsigni
968 1175 1116 1279 unque
1153 1172 1281 1237 naevo
1318 1136 1520 1237 laborare
1557 1137 1812 1258 historiam,

520 1310 644 1414 quat,
680 1273 798 1374 nulla
815 1176 1033 1375 interidrat
1052 1275 1106 1373 de
1127 1273 1252 1372 rebus
1273 1268 1482 1409 expositis
1494 1271 1683 1408 judicia,
1733 1269 1817 1369 stt·

496 1412 735 1549 .rilemque
752 1412 1070 1510 tantummodo
1090 1416 1317 1507 contineat
1333 1443 1479 1508 rerum
1500 1403 1719 1548 gestatum
1740 1441 1820 1504 ex·

523 1543 809 1680 positionem.
857 1543 1125 1679 Deinceps,
1170 1539 1296 1680 quod
1312 1543 1382 1641 ¹ad
1411 1569 1674 1642 ornamenta
1695 1537 1821 1667 styli,

444 1722 448 1728 ’
489 1694 494 1699 ’
527 1678 737 1775 dimonis
749 1748 763 1795 ,
804 1671 1028 1796 &similia,
1067 1683 1118 1775 iis
1138 1713 1212 1775 me
1233 1712 1326 1775 non
1347 1679 1593 1777 admodum
1612 1671 1734 1776 fuisse
1752 1682 1824 1775 in-

521 1828 724 1929 tentum,
762 1805 929 1907 videbit
950 1819 1141 1935 Lector,
1166 1841 1295 1952 atque
1312 1851 1414 1913 eum
1437 1814 1633 1912 advertet
1652 1809 1824 1950 prorsus

495 1980 618 2054 uon
647 1939 732 2045 esse
748 1938 1021 2072 uniusmodi,
1066 1986 1151 2050 nec
1170 1946 1450 2088 aequabilem,
1494 1956 1698 2087 inprimis
1715 1984 1823 2049 cum

520 2080 665 2189 dedita
693 2117 852 2222 opera,
888 2079 1006 2224 ‚saepe
1023 2122 1214 2193 numero
1244 2091 1273 2186 d
1304 2095 1415 2187 meis
1445 2085 1586 2185 verbis
1606 2083 1826 2185 abstinue-
1924 2133 1927 2138 ·

496 2227 637 2351 rim,
680 2220 755 2327 ubi
780 2227 842 2319 uti
872 2251 1075 2355 poteram
1110 2222 1286 2342 alienis,
1333 2236 1379 2322 δι
1407 2220 1569 2355 Jacobt'
1601 2226 1822 2321 USSERII

522 2356 625 2460 Viri
652 2363 873 2474 Summi,
897 2359 1130 2493 exemplo,
1176 2362 1300 2493 quod
1318 2352 1407 2493 ipse
1426 2366 1474 2456 in
1494 2356 1751 2492 praefatione
1767 2353 1824 2457 ad

522 2504 703 2599 aureum
725 2491 779 2582 de
798 2488 1057 2620 Succeffione
1078 2489 1204 2588 Eccle
1222 2530 1369 2592 rarum
1382 2490 1616 2601 Occidentis
1624 2489 1823 2591 libellum

523 2622 701 2763 prodit,
745 2616 1081 2755 ipsorumapud
1099 2657 1210 2756 quos
1229 2625 1472 2727 Historiam
1485 2634 1644 2733 inveni
1665 2639 1710 2723 δι
1737 2663 1825 2729 no·.

525 2764 655 2855 mina
672 2759 914 2868 ediderim,
939 2766 984 2852 δι
1009 2751 1142 2851 verba
1159 2755 1445 2881 reddiderim,
1470 2793 1567 2894 quae
1581 2767 1692 2853 tatio
1704 2764 1827 2893 eqni-

499 2890 632 2991 dem
679 2925 781 2987 non·
812 2891 870 2984 ad
899 2886 1061 3018 stylum
1092 2891 1437 3015 exornandum,
1483 2895 1552 2992 sed
1587 2917 1735 2991 tamen
1770 2893 1825 2997 ad

525 3030 783 3151 narrationis
803 3029 1032 3127 veritatem
1056 3027 1254 3123 maxime
1273 3024 1401 3149 facit,
1426 3042 1472 3129 δι
1488 3027 1547 3126 ad
1568 3062 1713 3127 rerum
1726 3064 1824 3169 quae

525 3193 753 3266 narrantur
791 3188 981 3260 examen
1018 3160 1162 3271 multo
1202 3151 1369 3271 videtur
1408 3164 1821 3273 accommodatior:

525 3294 599 3399 Est
622 3303 668 3393 in
698 3299 854 3397 eadem
880 3331 1058 3395 mecum
1081 3290 1256 3418 httrefi,
1303 3301 1340 3442 J
1364 3312 1424 3402 H.
1449 3308 1825 3407 HOTTINGE·

527 3437 649 3535 RUS
679 3440 830 3557 Pater,
875 3439 922 3543 in
941 3434 1105 3548 Praesat.
1128 3430 1183 3528 ad
1207 3438 1417 3535 Tomum
1442 3475 1488 3535 11.
1528 3433 1641 3548 Hist.
1664 3441 1822 3544 Eccle[

528 3569 667 3665 Seculi
686 3603 778 3667 xvi.
815 3564 997 3708 quando
1028 3567 1162 3681 Illum
1172 3594 1333 3706 putem
1366 3570 1555 3707 (inquit),
1574 3573 1822 3679 maximum

518 3700 753 3833 foedarum
780 3733 920 3843 operta
934 3704 1178 3840 pretium,
1208 3707 1290 3840 qui
1307 3706 1359 3803 de
1367 3704 1706 3844 plenofideqtre
1725 3717 1823 3839 ro'g-
1850 3720 1852 3723 ’

526 3873 587 3939 no
609 3836 947 3955 [deformationis
967 3836 1164 3967 Historia
1176 3838 1414 3966 sollicitus,
1459 3844 1575 3968 nihil
1592 3857 1733 3964 deluo
1756 3841 1827 3979 os-

515 3975 672 4101 ferat,
713 3973 903 4077 oliorum
941 3973 1209 4079 oculatorum
1237 3977 1298 4088 &⁹
1327 3980 1575 4084 attritorum
1606 4004 1826 4081 contentus

1114 4221 1117 4226 ⁴
1172 4114 1267 4176 *r*
1728 4099 1830 4240 fide
