4884 5042
505 646 506 650 =
619 617 693 695 244
844 593 1224 678 HISTORIA
1250 586 1709 696 *EVANGELII

450 705 455 718 ’
623 731 683 783 tur
709 709 847 796 redasia
874 715 1084 808 discrimen,
1110 735 1220 785 annos
1235 729 1336 782 natus
1356 707 1428 780 sere
1445 718 1504 804 65.
1523 707 1687 802 spiritum
1708 710 1791 782 Deo
1810 710 1929 782 reddi-

623 808 699 900 dit,
725 809 847 908 estque
866 813 1067 886 Norimber
1096 837 1150 901 ae,
1182 806 1280 906 quod
1299 806 1449 880 mortale
1467 823 1563 897 erat,
1587 805 1807 903 reposrtum,
1842 833 1928 881 cum

623 905 802 1011 insculpto
821 909 931 1007 lapidi
950 912 1020 982 hoc
1087 924 1287 981 onumento
1308 906 1357 1000 (a)

815 1105 993 1174 Ausiorem
1018 1109 1108 1184 vita,
1136 1101 1216 1172 dum
1239 1104 1392 1182 viveret,
1417 1119 1514 1190 atque
1529 1099 1653 1192 fissuris

861 1204 1027 1296 Affirusft,
1053 1200 1177 1287 docuit,
1192 1197 1419 1298 glorificavit,
1446 1196 1554 1270 habet.

670 1402 702 1480 ς.
721 1395 832 1470 CIII.
856 1396 1038 1493 Johannem
1057 1391 1489 1471 BUGENHAGIUM
1506 1395 1769 1485 Pomeranum,
1788 1399 1932 1494 perexi-

621 1490 735 1564 mium
756 1493 863 1591 ipsius
882 1502 1095 1579 Pomerania,
1113 1493 1274 1568 Urbium
1293 1487 1622 1590 porrblLubecensts,
1638 1492 1874 1587 Brunsva'censts
1890 1496 1931 1572 ὅ(

620 1589 895 1689 Hamburgenſss,
920 1597 1031 1668 totius
1049 1592 1202 1689 denique
1214 1597 1317 1689 Regni
1323 1591 1441 1662 Dama
1451 1592 1767 1684 Reformatorem,
1785 1593 1843 1665 hic
1854 1617 1931 1690 prae

624 1687 793 1762 omnibus
812 1715 1149 1765 commemoramus.
1189 1689 1277 1762 Fuit
1294 1689 1321 1761 is
1336 1690 1383 1761 A.
1408 1688 1513 1785 1485.
1539 1690 1575 1762 d.
1596 1689 1755 1785 24Junii
1772 1710 1874 1763 natus
1892 1695 1931 1764 in

621 1804 646 1851 o
675 1784 760 1878 pido
780 1787 907 1878 Julino
926 1791 1056 1902 (vulgo
1075 1789 1194 1880 Wolin)
1212 1786 1312 1885 quod
1330 1809 1403 1857 non
1419 1787 1548 1883 procul
1567 1786 1588 1858 a
1609 1787 1743 1863 Sedino
1760 1788 1831 1880 est,
1865 1787 1930 1862 ubi

664 1880 782 1955 iadrus
805 1885 842 1956 in
868 1885 986 1959 lacum
1014 1887 1132 1980 alluit,
1167 1887 1229 1982 qui
1253 1886 1291 1956 in
1306 1883 1496 1956 Oceanum
1512 1881 1547 1954 se
1565 1884 1733 1976 deinceps
1748 1882 1927 1959 effundit:

620 1974 667 2049 In
700 1976 787 2052 ludo
824 1981 979 2056 literario
1011 1985 1137 2082 patriae
1164 2003 1270 2078 atque
1293 1981 1331 2050 in
1363 1979 1559 2050 Academia
1591 1978 1929 2074 Gryphiswaldenfi

622 2094 706 2146 cum
732 2077 768 2149 in
792 2077 1033 2152 doetrinarum
1056 2078 1200 2168 studiis,
1231 2075 1341 2147 utica
1357 2071 1518 2144 ferebant
1535 2091 1609 2144 tem
1638 2098 1721 2164 ora,
1754 2076 1928 2153 informa·

621 2185 680 2244 tus
700 2173 807 2268 esset,
833 2177 933 2273 isque
950 2172 1175 2265 adolescens,
1192 2169 1335 2267 scriptis
1352 2167 1595 2242 inflammatus
1657 2194 1676 2240 e
1705 2170 1752 2262 ii,
1778 2172 1927 2246 Rudol·

622 2268 689 2366 phi
715 2273 925 2370 Agricolae,
958 2270 1158 2346 Hermanni
1181 2265 1326 2342 Buschii
1352 2267 1391 2341 &
1416 2267 1593 2361 aliorum,
1618 2193 1747 2364 quibus
1765 2267 1802 2340 su
1830 2270 1926 2340 erio·

622 2389 704 2441 rum
729 2387 935 2467 temporum
957 2369 1094 2444 soloeca
1120 2367 1416 2465 corrigebantur,
1449 2365 1490 2440 ὃ(
1509 2368 1684 2476 juventus
1708 2294 1925 2465 addiiigen·

623 2467 711 2539 tiam
731 2466 859 2541 restius
877 2467 1047 2569 loquendi
1063 2465 1317 2558 revocabatur,
1343 2463 1491 2536 Graecae
1507 2486 1545 2555 m
1560 2461 1664 2561 super
1683 2463 1842 2577 Linguae
1858 2466 1928 2537 ini·

434 2609 439 2617 ·
578 2626 582 2632 .
624 2564 675 2637 tia
695 2565 942 2662 tradebantur,
971 2588 1117 2666 eratque
1134 2563 1249 2638 veluti
1264 2583 1391 2636 aurora
1407 2557 1651 2658 dofiirinarum
1676 2565 1727 2658 (b)
1747 2588 1839 2636 mrro
1857 2560 1928 2636 dis·

625 2663 730 2735 cendi
752 2691 874 2740 amore
897 2667 1087 2781 flagraret,
1120 2681 1162 2737 ut
1185 2682 1258 2736 tam
1280 2678 1418 2736 veteres
1436 2658 1566 2758 cupide
1584 2659 1720 2758 legeret
1734 2662 1926 2754 authores,

625 2785 731 2858 quam
758 2764 792 2837 se
817 2767 980 2866 quotidie
1003 2766 1059 2840 vei
1077 2761 1192 2836 soluta
1207 2759 1266 2835 vel
1280 2759 1391 2859 ligata
1407 2759 1569 2831 oratione
1585 2760 1750 2858 quaedam
1771 2759 1927 2834 conscri-

624 2857 744 2934 bendo
762 2887 963 2959 exerceret,
981 2863 1114 2940 fusium
1132 2859 1206 2953 est,
1223 2864 1429 2935 utrinnum
1445 2855 1656 2930 vicefimum
1672 2861 1734 2931 vix
1752 2857 1930 2956 egressus,

477 3000 488 3032 ,·
584 2977 587 2983 “
621 2957 698 3055 jam
735 2959 867 3034 scholae
897 2959 1090 3058 Treptenfi
1114 2981 1249 3053 magno
1273 2979 1357 3027 cum
1382 2951 1594 3029 discentium
1622 2955 1742 3029 fructu
1766 2953 1930 3052 praeficeq

467 3114 480 3123 .
626 3063 744 3124 retur:
772 3057 872 3128 Tum
892 3058 920 3129 is
938 3056 1112 3127 sacrarum
1131 3053 1312 3125 literarum
1331 3052 1543 3149 cumprimis
1562 3050 1720 3150 studium
1735 3052 1928 3152 suscipere,

496 3171 499 3174 ⁴
625 3167 733 3245 atque
751 3170 791 3223 ut
811 3154 844 3220 in
865 3149 1027 3225 dodirina
1044 3149 1264 3249 Evangelica
1276 3146 1556 3243 informaretur,
1581 3176 1726 3226 omnem
1744 3175 1873 3225 navare
1888 3177 1930 3223 o·

627 3267 769 3342 peram,
791 3245 944 3344 legendo
963 3267 1094 3346 praeter
1109 3249 1356 3346 Scripturam,
1372 3247 1591 3345 Hieronymi
1608 3271 1717 3344 atque
1734 3247 1929 3341 Augustini

624 3346 885 3437 enarrationes,
917 3349 1075 3460 itemque
1093 3347 1205 3421 varias
1225 3343 1360 3419 Erasmi
1379 3344 1666 3434 lucubrationes,
1698 3365 1781 3438 quae
1801 3364 1925 3412 mona·

627 3437 779 3534 chorum
797 3462 918 3519 taxant
937 3444 1177 3536 histrioniam,
1204 3446 1241 3518 ὃ(
1261 3443 1452 3516 statuarum
1472 3438 1693 3513 adorationes
1710 3438 1863 3509 ethnicis
1883 3437 1930 3511 fi-

625 3534 736 3612 miics.
799 3541 848 3612 Et
878 3542 1012 3633 dicitur
1038 3547 1067 3614 is
1093 3562 1171 3611 tum
1198 3541 1292 3610 hanc
1313 3535 1463 3610 tenuisse
1486 3532 1644 3644 regulam
1674 3540 1724 3615 (c)
1748 3539 1926 3607 Dammana

628 3630 745 3708 Deum
770 3657 865 3708 tuum
883 3638 1032 3711 adorabis
1049 3641 1088 3714 ci*
1104 3637 1157 3703 illi
1166 3634 1228 3725 fili
1237 3635 1363 3723 servies
1373 3683 1385 3717 ,
1415 3652 1521 3727 atque
1536 3627 1767 3722 tntellexrsse,
1804 3635 1926 3708 Deum

627 3734 725 3811 nolle
740 3736 813 3808 coli
829 3734 1012 3808 histrionia
1026 3754 1256 3808 externorum
1274 3733 1474 3831 gestuum,
1493 3724 1552 3797 sed
1569 3725 1764 3799 virtutium
1782 3730 1820 3804 dt
1839 3758 1927 3830 ope·

625 3835 747 3931 ribus,
763 3857 844 3932 quae
863 3835 1060 3931 pracepit,
1078 3831 1169 3909 sicut
1185 3828 1324 3927 inquit:
1342 3837 1382 3904 ln
1392 3831 1551 3927 preceptis
1567 3830 1647 3894 meis
1659 3822 1844 3900 ambulate:
1862 3831 1929 3943 ‘Ut

1171 4010 1174 4017 ,
1859 3954 1930 4032 igr-

663 4061 712 4139 (ι)
734 4074 764 4119 v.
781 4045 1111 4121 SECKENDORF.
1131 4055 1154 4121 1.
1168 4069 1190 4115 r.
1217 4065 1249 4130 p·
1262 4043 1336 4135 308.

598 4144 713 4224 .(r‚)
730 4137 793 4228 vra
811 4120 1040 4207 saeuum>-
1065 4131 1106 4221 ἢ·
1124 4150 1150 4200 ι·
1169 4123 1410 4226 t·c¹·'t·‘¹⁸²·
1560 4212 1563 4223 ·
1672 4117 1675 4123 Δ

527 4303 532 4320 ‚
630 4229 709 4316 aa>
730 4210 1229 4337 vra.=steusstsuuus;un
1245 4220 1338 4349 &⁰2⁰⁸-
1354 4205 1827 4327 summarorraaa
1863 4308 1866 4313 .
