4884 5042
1178 585 1193 672 l
1210 589 1312 686 τις.)

881 740 885 757 ’
940 776 978 900 s
1084 811 1235 919 Num.
1273 766 1434 919 nn

868 1029 1061 1171 Wolsg.
1097 1031 1301 1138 Fabricii
1336 1036 1590 1174 Capitonis

1115 1169 1268 1268 Epistola
1289 1172 1331 1244 ad

1004 1277 1179 1376 Cristoph.
1208 1279 1454 1354 Utenbernium

935 1378 937 1383 ’
982 1386 1196 1484 Episcopum
1226 1388 1452 1462 Basrlcenlcm.

889 1562 954 1645 De
975 1563 1225 1673 suscipienda
1251 1592 1297 1644 ac
1324 1567 1558 1649 maturanda

955 1675 1145 1758 Ecclesia
1175 1675 1498 1762 Reformatione.

582 1867 676 2030 Est
710 1870 786 1941 haee
822 1866 999 1961 Epistola,
1033 1868 1221 1968 dignislima
1250 1896 1328 1966 quae
1356 1871 1507 1968 legatur,
1535 1867 1679 1966 praefixa
1714 1866 1863 1970 johannis

667 1964 1032 2050 CllCHTOVAEl,
1061 1966 1135 2037 Viri
1155 1964 1366 2048 Doeliffimi,
1392 1968 1609 2037 Elucidasurr'o
1631 1969 1861 2057 Ecclesiastico,

580 2058 674 2164 quod
699 2055 833 2132 Basileae
855 2059 982 2152 prodiit
1002 2061 1045 2129 A.
1071 2083 1169 2152 1517.
1192 2058 1303 2130 mense
1325 2061 1501 2156 Augusto,
1524 2081 1563 2132 ut
1581 2060 1648 2155 ipse
1666 2059 1765 2134 habet
1783 2059 1862 2132 libri

578 2154 721 2245 titulus:
750 2156 861 2239 Eam,
892 2151 1124 2250 Autographis
1156 2157 1292 2224 Lurheri
1320 2156 1535 2252 aliorumque
1561 2153 1864 2228 celebrium-Viro·

578 2272 678 2411 ilum,
707 2247 844 2409 ilnseruit
879 2255 1081 2319 Hermannus
1105 2251 1246 2323 vander
1271 2249 1487 2343 HARDT,
1524 2251 1590 2324 Vlr
1615 2247 1862 2339 Dofflffimus‘,

622 2365 691 2409 om.
731 2394 737 2408 .
780 2366 796 2409 a
826 2365 874 2432 .4
901 2343 948 2412 .s
968 2398 975 2412 .
1551 2424 1555 2428 ,

630 2435 696 2501 Per
708 2363 907 2519 biebngtum3,
942 2367 999 2504 quo
1012 2435 1083 2505 sum
1097 2434 1210 2506 officio
1228 2436 1488 2520 Concionatotis
1501 2438 1535 2509 in
1551 2436 1761 2509 omatisfimo
1775 2455 1860 2509 tem·

578 2524 640 2623 plo
664 2522 835 2596 Basile'cnsi
867 2525 927 2594 sun
968 2551 1027 2615 us,
1062 2528 1119 2597 cni
1150 2550 1217 2615 tu,
1246 2531 1450 2602 Reverendo
1478 2534 1598 2621 Patet,
1625 2528 1861 2603 merentiffim‘e

581 2617 752 2718 praesrdes,
777 2619 835 2689 diu
856 2619 1075 2715 multumque
1105 2617 1283 2709 dubitavi,
1311 2646 1461 2718 quonam
1486 2625 1580 2696 fonte
1600 2646 1730 2695 tantum
1758 2625 1861 2696 uitio·

580 2739 658 2787 rum
671 2713 825 2784 omnium
838 2736 958 2810 agmen
974 2713 1007 2783 in
1019 2717 1148 2790 clerum
1162 2713 1262 2785 semel
1281 2714 1446 2788 invaserit.
1480 2715 1691 2788 Occurrebat
1706 2721 1856 2813 primum

580 2832 699 2883 eorum
719 2806 861 2896 incuria,
883 2808 944 2904 qui
963 2807 1041 2882 fidei
1061 2805 1298 2906 gubernaculis
1316 2809 1472 2898 asfident,
1494 2832 1532 2879 ut
1544 2810 1655 2905 quiad
1671 2809 1860 2903 quamlibet

580 2904 682 3000 impia
693 2903 925 2989 conniventes,
939 2904 1103 2977 licentiam
1116 2922 1218 3021 atque
1231 2903 1448 3000 delinquendi
1461 2904 1735 2974 consuetudinem
1749 2904 1859 2993 alunt,

580 2999 811 3093 extirpandum
832 2996 953 3093 utique
969 2999 1056 3071 sacili
1075 3025 1097 3070 o
1123 3023 1199 3086 era,
1221 2999 1327 3070 modo
1339 2997 1421 3094 ipsi,
1446 2998 1712 3094 quianoluntex
1725 2999 1856 3086 animo,

580 3093 633 3163 vel
653 3092 717 3162 levi
737 3091 880 3162 articulo
900 3091 929 3164 se
942 3092 1071 3199 fingant
1090 3023 1201 3164 linem
1216 3101 1418 3194 repugnare,
1441 3092 1524 3164 nibil
1536 3092 1715 3175 arrideant,
1743 3089 1857 3187 impu·

525 3209 527 3214 ·
578 3187 700 3258 dentiae
712 3187 936 3258 multitudinis
950 3211 1146 3284 neutiquam
1159 3187 1311 3279 faveant,
1336 3214 1377 3260 ne
1390 3186 1576 3260 in‘familias
1587 3184 1858 3352 conviciumque
1877 3240 1880 3244 ‚

579 3282 678 3354 sunm
697 3279 856 3375 recipiant
874 3283 1070 3377 praesraslos
1088 3282 1162 3354 illos
1179 3284 1378 3357 nebulones.
1429 3281 1649 3356 Excusnbilcs
1664 3302 1774 3352 tamen
1801 3306 1857 3352 or.

579 3375 668 3449 taslis
686 3375 762 3447 ideo
778 3374 973 3464 censentur,
993 3379 1086 3474 quod
1100 3401 1171 3450 eam
1185 3377 1308 3450 nolunt
1320 3402 1455 3451 morum
1470 3375 1782 3479 redintegrationem
1797 3400 1856 3449 ex·
1884 3377 1889 3386 ’

576 3470 702 3570 periri,
730 3493 832 3566 quam
847 3473 894 3559 sc,
918 3472 970 3544 vel
985 3472 1145 3544 omnibus
1161 3474 1272 3544 nervis
1284 3473 1532 3560 incumbentes,
1553 3470 1679 3564 aflequi
1693 3471 1783 3566 poll'e
1794 3469 1858 3542 dis·

528 3631 530 3634 ,
568 3568 703 3657 sidunt,
755 3565 1045 3664 Quandoquidem
1065 3567 1255 3639 robustiora
1279 3567 1354 3640 sunt
1372 3591 1431 3663 per
1448 3588 1579 3640 aetatem
1598 3565 1694 3652 vitiu,
1718 3567 1859 3636 radices·

578 3684 646 3758 que
670 3660 770 3733 altius
792 3661 1020 3745 demiserunt,
1045 3687 1147 3759 quam
1170 3662 1265 3759 quod
1290 3663 1404 3762 ligone
1427 3662 1644 3757 praelatorum
1665 3658 1859 3754 assiduaque

554 3755 777 3836 ‚correctoris
787 3755 956 3852 diligentia
970 3760 1041 3829 erui
1055 3757 1298 3853 exstirparique
1310 3761 1449 3830 valeant.
1500 3753 1638 3828 Etiamsi
1651 3755 1733 3825 mihi
1746 3754 1857 3824 videa·

578 3866 635 3922 tur
652 3850 758 3921 nihilo
772 3850 875 3922 secius
891 3853 1126 3939 annitendum,
1150 3851 1245 3947 isque
1258 3852 1393 3939 cursus,
1414 3876 1565 3947 querum
1581 3846 1793 3923 emendandis
1806 3870 1859 3918 er·

579 3943 713 4014 roribus
726 3945 876 4050 pollunt,
896 3970 1061 4044 perpetuo
1072 3948 1246 4020 tenendus.
1297 3947 1509 4043 Quicunque
1528 3945 1616 4017 enim
1630 3945 1670 4015 ad
1683 3943 1769 4012 viam
1784 3964 1860 4012 otn-

579 4036 633 4106 nia
655 4036 845 4112 moliuntur
858 4044 1033 4133 reducere,
1053 4064 1228 4140 uunquam
1245 4042 1298 4136 spe
1319 4064 1386 4118 tota
1405 4041 1619 4115 frustrantur.
1668 4037 1765 4130 Quin
1788 4034 1859 4109 imb

1210 4138 1293 4231 Q2
1778 4155 1861 4204 con·
