4884 5042
1161 625 1301 734 (ὡς.)

542 748 549 761 ’
632 775 698 867 est,
713 780 840 878 agenda
853 780 1017 854 duntaxat
1024 761 1237 877 praescribat,
1256 778 1294 852 &
1306 801 1375 852 non
1386 773 1867 946 etiamnisumamooemque

629 874 1024 975 explendt'ptaescripta,
1050 876 1165 949 auimo
1187 874 1367 964 immittat,
1391 874 1553 946 deduxit:
1603 871 1716 945 Porrb
1733 900 1776 945 ex
1821 879 1866 962 is,

628 973 721 1040 velat
739 974 837 1064 jallia
861 974 1000 1060 feliciter
1040 969 1262 1074 undammtis,
1281 972 1449 1060 universa,
1471 969 1587 1066 quase
1608 989 1756 1075 uentae,
1783 967 1864 1040 eda-

579 1089 581 1095 ·
627 1067 715 1134 xit:
763 1064 905 1230 Quippe
927 1062 952 1137 st
973 1065 1019 1136 im
1065 1065 1152 1139 ctllis
1183 1064 1232 1168 dt·
1248 1061 1402 1170 inefficax
1426 1061 1470 1170 'stt
1495 1061 1552 1134 lex
1616 1085 1671 1149 et,
1697 1081 1777 1134 vttae
1816 1060 1866 1167 sa·

624 1155 809 1231 luberrima
854 1157 1007 1250 qdlrina,
1031 1179 1071 1231 ut
1089 1160 1132 1232 ad
1150 1159 1314 1257 justitiam
1338 1158 1520 1262 hommem·
1532 1172 1754 1262 promoveat,
1778 1155 1862 1260 quid

595 1295 599 1303 ·
625 1255 817 1324 conducere
827 1252 1066 1325 arbitrabimur
1077 1251 1202 1326 nostrae
1212 1251 1447 1350 praescriptum
1461 1270 1615 1338 tanetus,
1635 1267 1729 1322 tanto
1742 1267 1865 1346 utique

622 1343 737 1419 divina
755 1347 829 1446 lege
843 1346 1033 1434 infirmius,
1053 1367 1183 1444 quanto
1194 1348 1243 1420 est
1256 1346 1427 1445 potentior
1442 1344 1580 1434 homine
1593 1342 1703 1416 Deus.
1752 1341 1862 1415 Mitto

622 1440 755 1513 interim
775 1444 895 1514 mentis
911 1443 1036 1514 nostrae
1052 1443 1235 1548 genuinam
1247 1440 1508 1539 obscuritatem,
1532 1438 1633 1527 item,
1654 1460 1740 1534 quas
1750 1458 1863 1526 praev-

534 1564 540 1574 „
621 1567 674 1605 na
691 1535 816 1702 imperit
832 1535 988 1623 nebulas,
1011 1536 1207 1633 quibusfit,
1234 1558 1274 1609 ut
1299 1560 1369 1608 non
1384 1534 1571 1609 admodum
1591 1556 1692 1621 raro,
1711 1530 1805 1628 quod
1818 1530 1865 1603 li·

624 1624 696 1717 bet,
719 1631 727 1701 i
766 1630 865 1703 licere
882 1655 1023 1726 quoque
1039 1628 1138 1704 nobis
1153 1631 1400 1718 existimemus,
1424 1630 1525 1703 mitto
1534 1628 1681 1724 denique
1692 1627 1730 1700 ὃ(
1744 1646 1863 1721 pecca·

594 1734 597 1740 ’
625 1741 739 1794 torum
752 1724 926 1812 tenebras,
952 1725 1078 1820 quibus
1096 1744 1163 1796 tam
1181 1749 1250 1798 non
1265 1724 1493 1813 involvimur,
1515 1744 1619 1819 quam
1630 1720 1748 1795 sumus
1760 1717 1878 1826 liberi·

580 1864 582 1869 ,
665 1818 784 1906 ccatis,
808 1820 845 1891 ὃ(
866 1819 1026 1915 pleraque
1036 1820 1116 1908 alia,
1134 1819 1262 1914 quibus
1280 1818 1371 1892 haud
1384 1817 1556 1892 mediocre
1567 1814 1743 1913 negotium
1763 1811 1862 1920 etthi·

666 1931 722 1982 tur
735 1912 870 1999 rationi,
880 1936 999 1985 vetum
1007 1914 1210 2010 justumque
1221 1914 1256 1985 in
1268 1912 1370 1986 rebus
1381 1910 1606 2010 disquirendi,
1620 1907 1763 1983 subinde
1774 1907 1860 1979 nihil

592 2026 596 2035 ·
621 2002 701 2076 hinc
717 2009 844 2079 accedit
862 2006 1008 2097 homini,
1028 2030 1151 2105 quam,
1169 2027 1208 2081 ut
1220 2007 1402 2107 cognoscat
1417 2005 1607 2106 agendum,
1631 2005 1735 2101 idque
1750 2024 1861 2108 tegre,

618 2102 714 2195 quod
733 2101 835 2200 longe
859 2100 1034 2197 limpidius
1050 2101 1184 2199 praestat
1202 2101 1258 2174 lex
1271 2102 1404 2192 divina3
1454 2101 1539 2173 Hoc
1549 2119 1663 2173 autem
1674 2100 1760 2171 adeo
1770 2094 1858 2169 nthtl

618 2195 659 2265 ad
677 2218 788 2266 veram
798 2195 959 2294 justitiam
974 2214 1174 2294 promovet,
1192 2197 1283 2271 ut&
1294 2194 1531 2271 remoretur&
1542 2194 1727 2285 deterreat,
1746 2189 1861 2266 osten·

592 2298 597 2307 '
621 2287 653 2357 sa
667 2288 829 2360 nimirum
845 2289 984 2383 pariter,
1005 2291 1089 2386 justi
1100 2287 1322 2364 difficultate:
1604 2306 1607 2313 '

668 2379 903 2467 Quamobrem
918 2382 1341 2482 secundumproloquium
1356 2384 1391 2456 in
1405 2383 1500 2460 hunc
1515 2379 1691 2458 subtexuit
1700 2381 1859 2455 modum.

568 2470 616 2545 11.
664 2475 873 2542 paradoxum
887 2479 1078 2566 secundum.-
1114 2487 1117 2490 ’

666 2572 781 2641 Multo
791 2574 895 2637 minus
904 2591 993 2660 opera
1003 2571 1162 2639 hominum
1173 2576 1330 2644 naturalis
1343 2571 1528 2643 dillamt'm‘r
1538 2573 1663 2645 anxilio
1675 2571 1859 2669 frequenter

627 2663 682 2748 (ut
694 2661 837 2753 dicitur)
851 2669 968 2733 iterata
974 2667 1290 2830 ppffimtpromovere.
1945 2735 1947 2740 .

667 2757 763 2829 Nam
783 2754 806 2828 si
830 2757 974 2854 propriis
1005 2781 1025 2829 e
1045 2756 1198 2840 homines
1217 2759 1349 2832 viribus
1365 2757 1556 2850 aestiment,
1578 2757 1741 2856 quidnam
1759 2756 1855 2832 aliud

617 2848 786 2946 deseipsis
799 2849 948 2942 sentient,
981 2876 1059 2924 uam
1072 2854 1167 2949 quod
1180 2853 1306 2949 deipsis
1317 2848 1859 2951 pronuntiavitPatllusadRom.

618 2944 682 3016 ΙΙΙ.
697 2963 770 3033 (ιο.
791 2946 933 3034 tt.)hoc
943 2876 1070 3037 ebion
1080 2948 1260 3043 effljuslttm
1271 2977 1309 3021 ne
1325 2975 1426 3019 unum
1436 2949 1652 3047 quidempnon
1662 2953 1717 3043 effe
1736 2953 1794 3044 qui
1806 2956 1855 3017 in·

616 3045 739 3137 telligat
757 3041 828 3113 &e
874 3041 1025 3140 Quodsi
1045 3043 1180 3117 inutiles
1199 3042 1281 3117 faeti
1303 3048 1380 3117 sunt
1396 3042 1702 3132 mortalet‘omues,
1720 3037 1805 3132 aded
1817 3060 1858 3115 ut

616 3157 685 3204 non
697 3133 738 3205 fit
748 3136 809 3228 qui
824 3136 920 3208 saciat
935 3136 1141 3226 bonitatem,
1164 3163 1233 3210 non
1245 3139 1408 3238 situsque
1417 3139 1460 3212 ad
1472 3162 1602 3229 unum,
1618 3136 1745 3210 mirum
1759 3133 1857 3227 saud,

614 3226 844 3335 fiquicquam
867 3232 908 3302 ad
930 3230 1094 3324 justitiam
1127 3234 1234 3306 homo
1255 3254 1483 3333 promoveat,
1517 3234 1575 3306 sua
1600 3230 1855 3329 quantumlibet
1990 3288 2003 3297 -

613 3346 716 3418 opera
729 3324 888 3420 explicet.
899 3325 1007 3418 Quod
1014 3326 1103 3398 enim
1119 3327 1218 3402 semel
1229 3325 1855 3426 editumplacereuonpotest,necpla·

609 3416 763 3490 cebitfte
791 3420 922 3492 uentius
935 3428 1111 3510 iteratum,
1124 3425 1209 3520 quin
1224 3423 1537 3497 veluticrambebit
1552 3420 1658 3520 pofita
1670 3421 1776 3520 magis
1789 3446 1856 3518 pu·
1908 3427 1913 3435 '

548 3559 550 3564 -
611 3513 723 3586 trebit.
806 3514 937 3601 roinde,
960 3539 1156 3612 quanquam
1175 3518 1207 3588 in
1226 3516 1370 3615 speciem
1388 3518 1509 3591 decom
1524 3537 1720 3614 appareant,
1743 3517 1855 3589 homi·

586 3633 591 3641 ·
613 3632 698 3680 num
720 3632 848 3704 opera,
872 3616 1001 3704 peccati
1014 3630 1125 3682 tamen
1145 3610 1272 3700 labem,
1294 3638 1364 3684 non
1381 3610 1561 3712 effugiunt.
1608 3612 1744 3706 Juslitia
1761 3613 1853 3683 enim

589 3700 756 3790 aueo,
783 3727 850 3774 non
875 3722 919 3776 ex
947 3704 1172 3793 hominibus,
1199 3706 1362 3804 injustum
1392 3707 1497 3805 igitur
1521 3706 1690 3805 quicquid
1718 3704 1858 3779 absente

587 3797 694 3869 'Deo
735 3799 841 3871 eritur
857 3798 899 3869 ab
919 3800 1065 3872 homine.
1117 3801 1561 3891 ldemvetbelsemortale,
1585 3800 1729 3890 hocest,
1751 3799 1852 3871 noxi·
1965 3862 1969 3869 ,

566 3986 569 3993 Ι
612 3913 687 3978 um,
724 3892 823 3965 aulus
835 3893 978 3965 ostendit
989 3896 1030 3966 ad
1043 3894 1156 3968 Galat.
1170 3899 1231 3969 lll.
1243 3905 1256 3980 ζ
1264 3902 1332 3987 10.)
1348 3896 1392 3970 ita
1404 3897 1536 3971 dicens:
1551 3895 1773 4064 {rotpertum
1784 3919 1852 3992 ope·

611 3985 700 4054 ribus
715 3992 791 4084 legis
805 3993 896 4080 sant,
921 3993 1134 4061 maledillioni
1142 3995 1217 4086 fimi
1237 3993 1377 4064 obnoxii:
1428 3994 1563 4081 ltaque,
1595 4014 1661 4064 tex
1673 3990 1757 4088 legis
1769 4011 1852 4086 ope·

613 4076 727 4169 tibus,
750 4103 830 4177 quae
847 4101 887 4155 ut
908 4084 1089 4181 praestatur
1108 4086 1177 4178 his,
1203 4109 1283 4184 quae
1296 4085 1408 4165 dudlu
1420 4086 1510 4163 fiunt
1526 4085 1688 4162 naturalis
1699 4084 1855 4192 rationis,

543 4195 549 4215 ⁸
1808 4198 1858 4255 lla
