4884 5042
503 710 580 784 vlt:
618 706 655 782 dt
678 707 754 800 111.
780 703 988 782 Innocentius
1016 703 1180 776 Othonem
1207 700 1361 800 imperio
1385 699 1592 798 [alimonio
1616 706 1807 783 &Manen

503 830 566 882 nus
584 803 634 879 V.
661 805 835 878 hostiliae
862 822 1051 874 rannorum
1070 823 1166 872 arma
1182 795 1371 895 diffipavit.
1405 801 1477 895 Et,
1496 828 1540 876 ne
1556 808 1678 879 omnia-
1691 805 1807 906 perse·-

502 926 615 1002 quer;
641 902 817 1003 quidquid
836 826 959 991 irride,
979 897 1153 996 quidquid
1171 898 1287 995 gloria
1303 895 1807 993 dignumaMelchiadisaeta·

502 1018 542 1074 te
558 1003 600 1075 in
614 999 765 1074 ecclesia
781 1001 920 1098 gestum
939 995 989 1070 est
1000 1029 1013 1084 ς
1040 995 1163 1068 autad
1183 991 1318 1066 hostem
1338 995 1550 1090 arcendum,
1569 1003 1693 1074 autad
1712 1027 1807 1076 rern-

505 1097 692 1196 publicam
719 1094 1027 1195 componendam,
1057 1093 1095 1164 id
1117 1115 1224 1165 omne
1239 1090 1284 1164 de
1303 1091 1457 1188 Synodis
1472 1096 1647 1189 originem
1665 1098 1809 1193 sumsit,

502 1197 544 1269 dc
571 1193 722 1291 proinde
749 1195 902 1290 Synodis
921 1190 1146 1264 referendum
1163 1209 1353 1287 acceptum
1373 1188 1436 1264 est.
1479 1190 1583 1284 Quid
1600 1193 1694 1264 mim
1712 1196 1813 1269 aliud

502 1291 637 1377 Gunela
655 1292 844 1388 synodus,
868 1288 919 1362 est
938 1287 1002 1362 nisr
1021 1288 1198 1361 malorum
1217 1309 1355 1380 metus,
1380 1287 1578 1385 proborum
1596 1287 1692 1384 spes,
1709 1315 1811 1363 erro·
1886 1322 1892 1329 ’

502 1409 586 1462 rum
604 1387 757 1487 ejeetio,
775 1387 870 1487 seges
889 1383 1124 1461 &restitutio
1142 1390 1341 1476 virtutum,
1360 1409 1431 1482 qua
1446 1385 1653 1458 daemonum
1671 1385 1813 1463 fallacie

502 1486 687 1579 vincitur,
711 1485 825 1560 sensus
844 1482 1023 1557 illecebrae
1041 1482 1274 1576 auferuntur,
1299 1483 1390 1554 ratio
1407 1482 1562 1556 amiss'am
1581 1508 1698 1558 arcem
1718 1486 1810 1557 recl·

533 1584 586 1678 it,
611 1583 751 1657 terrine
769 1583 868 1658 coelo
882 1580 1023 1677 justitia
1040 1579 1265 1654 restituitur?
1294 1578 1411 1652 Redit
1428 1578 1599 1679 fiquidem
1616 1581 1658 1654 nd
1676 1603 1812 1657 morta·

523 1755 524 1760 ,
576 1681 691 1754 Deus.
721 1681 762 1752 N
765 1688 821 1754 am
840 1679 999 1753 dixerat:
1029 1679 1099 1750 Ubi
1114 1679 1177 1751 duo
1195 1683 1254 1752 vel
1264 1693 1335 1750 tres
1352 1701 1420 1751 nno
1437 1684 1563 1753 nomine
1579 1684 1815 1776 convenerint,

503 1779 557 1875 td,
574 1797 629 1853 ers
643 1783 762 1872 venio,
786 1784 936 1876 interque
951 1801 1003 1850 ens
1010 1776 1121 1868 sun:
1135 1796 1272 1875 quanto
1289 1774 1369 1847 heic
1385 1773 1556 1850 libentius
1572 1775 1607 1851 se
1625 1775 1816 1872 conferet„

532 1896 581 1951 uo
603 1897 680 1955 non
704 1875 780 1948 duo
805 1895 968 1968 tantum,
1003 1872 1063 1946 vel
1080 1892 1174 1965 tren,
1198 1872 1256 1946 sed
1273 1890 1331 1944 tot
1347 1872 1509 1948 ecclesrae
1527 1876 1646 1972 capita
1661 1871 1816 1971 proficis·

501 1896 680 2047 icuntur?
707 1970 808 2046 Nam
828 1971 1030 2070 fiAngelos
1046 1970 1199 2064 Joannes
1216 1969 1374 2068 appellat
1390 1969 1618 2044 ecelefinrum
1636 1970 1820 2070 pastores,

506 2068 690 2168 quidest,
709 2069 807 2169 quod
825 2070 884 2143 vel
902 2069 997 2143 votis
1015 2087 1158 2165 petere,
1176 2067 1235 2141 vel
1252 2066 1420 2165 precibus
1436 2070 1549 2142 aDeo
1562 2070 1732 2168 consequi
1740 2089 1821 2145 non

504 2166 613 2263 poffie
629 2183 737 2244 terret·
748 2167 853 2243 limul
870 2163 1071 2266 frequentia
1089 2164 1341 2264 Angelorum?
1368 2165 1537 2240 HicEvn
1553 2167 1597 2240 ab
1613 2167 1740 2249 exfilio
1757 2191 1814 2242 re·

502 2285 680 2359 nocetur,
701 2289 703 2293 ’
722 2265 988 2363 Ιιίεῃῖοτρεηῑιε
1021 2284 1131 2361 caput
1149 2263 1225 2336 mlo
1251 2263 1428 2359 prem-itur
1452 2255 1585 2363 'puellae
1610 2263 1813 2340 sanffiorie:
1913 2266 1924 2280 ‘
1968 2352 1974 2363 ³

503 2360 689 2435 Abrelrem
703 2362 876 2432 educitur
892 2362 1182 2435 eChaldaeorum
1201 2361 1330 2453 terris,
1345 2362 1819 2460 Agerencillnobtempertt

502 2452 686 2526 domium
706 2450 843 2525 'foedus
857 2478 944 2525 mm
964 2457 1049 2527 Deo
1068 2456 1209 2546 rursus,
1233 2458 1433 2531 animorum
1453 2459 1688 2534 circumcisio·
1700 2463 1816 2535 intro·

501 2547 666 2626 ducitur.
691 2549 770 2624 Hic
783 2547 910 2622 scalam
931 2549 1047 2646 rigens
1064 2548 1346 2645 patriarcharum
1365 2575 1466 2646 pater
1484 2557 1522 2627 in
1530 2558 1818 2633 coelumaditum

502 2647 656 2746 pendit,
685 2648 769 2722 Deo
782 2646 954 2751 jungitur
971 2649 1008 2719 in
1025 2643 1199 2744 palestrae
1217 2643 1329 2739 ludo,
1353 2648 1391 2723 δι
1408 2674 1430 2723 n
1445 2650 1601 2724 videndo
1618 2656 1702 2728 Deo
1719 2657 1816 2730 acci·

535 2746 566 2819 it
589 2769 735 2825 nomen.
784 2745 862 2819 Hic
879 2745 1011 2843 populi
1028 2743 1130 2818 velut
1148 2744 1188 2815 in
1204 2741 1397 2817 solitudine
1414 2746 1506 2820 lame
1523 2747 1702 2844 oppreffi,
1723 2752 1816 2823 divi·

503 2766 603 2918 inno
616 2837 801 2944 sdppetiee
819 2845 1034 2942 impetrant,
1061 2840 1149 2915 coeli
1165 2839 1448 2940 angelorumque
1464 2866 1592 2941 panem
1612 2846 1823 2944 recipiunt,

504 2942 546 3017 61
563 2939 736 3017 suamne
752 2940 945 3016 vescuntur
962 2939 1166 3015 coelestium
1183 2937 1387 3036 epularum..
1424 2940 1502 3015 Hic
1520 2964 1604 3013 cum
1624 2943 1819 3018 hominum·

503 3036 654 3134 petron
671 3060 837 3136 tanquam
856 3038 959 3112 saxea
973 3038 1166 3140 evaserint,
1185 3035 1301 3110 Molis
1321 3039 1422 3137 virga
1439 3037 1623 3136 perculso,
1641 3064 1818 3138 uquarum¹
1911 3084 1914 3088 >

505 3132 627 3209 fontes
656 3133 909 3212 effunduntur.
959 3137 1036 3209 Hic
1068 3137 1249 3210 thesaurus
1277 3138 1318 3208 in
1337 3160 1425 3235 agro
1452 3137 1594 3211 abditus
1620 3137 1822 3238 effoditur,

503 3233 699 3332 margarite
720 3238 880 3328 emitur,
905 3234 1083 3331 lampades
1101 3233 1367 3328 accenduntur,
1393 3234 1509 3310 lemen
1526 3237 1563 3308 in
1580 3235 1715 3311 bonnm
1730 3237 1815 3312 seri·

504 3349 567 3406 tur
592 3352 742 3425 terrum,
777 3331 905 3431 finnpis
929 3356 1082 3430 granum
1108 3335 1224 3431 surgit
1250 3334 1496 3428 inarborem,
1532 3336 1570 3409 δε
1595 3333 1708 3410 feraci:
1723 3335 1814 3410 oleae

503 3428 656 3503 oleaster
680 3429 857 3504 inseritur.
900 3432 937 3503 O
966 3429 1072 3504 beata
1095 3432 1215 3530 itaque
1241 3429 1303 3503 illa
1327 3451 1512 3530 tempora,
1547 3455 1629 3531 quae
1648 3434 1821 3532 Synodon·

504 3525 757 3625 susceperunt!
786 3529 866 3602 haec
885 3529 1012 3621 stulta,
1032 3528 1057 3600 fi
1076 3554 1148 3601 non
1158 3531 1373 3626 agnoverint
1385 3557 1398 3601 t
1413 3529 1558 3623 misera,
1581 3528 1814 3606 linonadmi·

503 3625 626 3702 serint.
671 3628 721 3700 Er
739 3629 907 3726 quoniam
925 3649 1046 3700 vetera
1064 3628 1292 3723 Synodnrum
1312 3628 1671 3725 commodaustridlim
1689 3633 1815 3727 attigi·

504 3747 610 3818 mue,
633 3749 733 3798 nunc
751 3751 856 3825 quarn
877 3721 1077 3799 brevisfime
1095 3724 1213 3798 nostre
1231 3725 1439 3800 delibemus.
1473 3728 1634 3827 Appello
1650 3752 1688 3800 er
1716 3752 1739 3799 o
1758 3748 1822 3819 te,

506 3818 582 3912 Juli
604 3821 779 3917 secunde,
806 3822 977 3898 Pontifex
997 3823 1184 3916 Maxime,
1208 3821 1365 3898 summus
1384 3824 1443 3900 ille
1462 3845 1498 3899 te
1516 3826 1672 3925 appellat
1730 3846 1842 3918 eus„

507 3937 570 4083 Z„
585 3917 679 3993 suem
700 3940 735 3994 te
753 3944 876 4018 gerere
896 3924 933 3994 in
950 3923 1051 3996 terris
1069 3924 1185 3995 vicem
1204 3921 1346 4015 voluit,
1367 3924 1428 4035 qui
1446 3949 1466 3997 e
1481 3944 1581 3997 tanto
1585 3926 1660 4019 jam
1672 3907 1819 4016 pridem.

545 4031 628 4085 natu
646 4035 684 4089 te
701 4040 812 4093 unum
831 4021 993 4117 delegit,
1010 4022 1071 4118 qui
1090 4044 1226 4093 nonum
1247 4044 1358 4118 usque
1374 4045 1411 4094 tn
1428 4045 1558 4094 annum
1574 4017 1831 4093 eccleliaesuaet.

508 4127 549 4182 te
563 4109 742 4207 Sponsum
756 4115 939 4197 defendit:
958 4121 1020 4216 qui
1041 4117 1228 4196 &bonam
1247 4119 1443 4218 cogitando
1460 4138 1639 4210 mentem,
1660 4118 1698 4194 &
1711 4139 1820 4214 mag·

1367 4246 1369 4251 ·
1733 4237 1821 4290 natur
