4884 5042
1153 575 1286 676 (193³)
1305 631 1307 634 >

501 717 504 724 ’
566 718 647 792 mali
667 720 833 818 suspicans
855 723 960 812 nihil,
990 741 1113 796 tantam
1142 744 1255 794 rerum
1272 717 1429 792 omnium
1443 718 1752 817 permutationem,
1776 717 1846 791 imo

565 816 854 908 perturbationem
873 817 1017 907 offendi,
1039 838 1076 889 ut
1094 815 1283 888 subitaneos
1299 815 1382 886 adeo
1399 839 1514 887 torum
1535 816 1757 888 humanarum
1770 837 1845 885 mo·

566 925 623 980 tus
642 911 714 984 satis
735 914 847 985 mirari
866 937 935 984 non
955 912 1093 1009 pollem.
1115 908 1119 917 ’
1143 911 1238 980 Nam
1254 908 1380 995 statim,
1402 928 1441 980 ut
1461 908 1689 1004 Erphutdiam
1705 909 1739 980 in
1752 909 1846 980 rede·

566 1003 663 1076 undo
675 1008 829 1101 perveni,
850 1006 964 1095 amici,
986 1030 1074 1102 quos
1090 1002 1160 1076 illic
1175 1001 1283 1076 ltabeo
1296 1002 1471 1076 multos&
1485 1026 1642 1100 magnos,
1664 1003 1775 1076 civilia
1786 1021 1846 1076 aut

567 1097 684 1192 potius
701 1099 875 1174 familiaria
892 1104 1068 1175 Saxonum
1089 1101 1174 1171 inter
1191 1097 1256 1169 sele
1273 1096 1358 1169 bella
1375 1093 1568 1169 narrabant:
1597 1116 1671 1168 tum
1689 1097 1847 1169 literatus

567 1190 836 1267 conflietationes
860 1194 986 1293 Lipsiae
1000 1219 1040 1268 ac
1057 1190 1331 1289 Witrenbergae,
1360 1214 1404 1263 ex
1427 1213 1500 1287 quo
1517 1189 1688 1277 abiillem,
1711 1190 1847 1263 famosa:

568 1281 661 1356 illius
682 1288 915 1382 disputationis
937 1289 1110 1362 occasione
1127 1286 1322 1374 existentes,
1341 1284 1469 1357 ac.sme
1488 1286 1557 1356 fine
1576 1285 1845 1382 progredientes:

569 1398 718 1472 quatum
735 1383 770 1454 ὅ(
783 1382 853 1477 ipse
869 1408 942 1480 pars
960 1381 1073 1454 ell'em.
1125 1381 1320 1466 Postremo,
1340 1403 1419 1473 quae
1431 1399 1582 1451 extrema
1600 1377 1777 1450 videbatur
1791 1403 1848 1450 ca-

568 1468 715 1564 lamitas,
738 1477 934 1572 pestilentiae
952 1479 1105 1572 undique
1121 1474 1293 1575 grallantis
1309 1475 1483 1545 horrorem
1496 1475 1542 1544 fic
1555 1471 1665 1545 verbis
1675 1472 1848 1544 atrocibus

570 1563 813 1668 depingebant,
838 1574 876 1645 &
893 1572 987 1668 quasi
1002 1594 1078 1643 ante
1098 1569 1218 1641 oculos
1237 1566 1442 1655 statuebant,
1463 1589 1503 1640 ut
1520 1591 1616 1663 paene
1628 1590 1709 1639 cum
1724 1565 1847 1664 Vergi-

553 1656 661 1732 liano
673 1664 786 1737 AEnea
798 1664 1091 1760 obstupescerem,
1115 1664 1303 1759 starentque
1322 1684 1450 1749 comae,
1475 1662 1511 1734 ὃ(
1525 1687 1593 1734 vox
1606 1658 1760 1733 faucibus
1777 1660 1849 1734 hae·

570 1775 669 1828 reret.
718 1757 926 1856 Quanquam
949 1782 1061 1833 autem
1080 1759 1161 1831 boni
1179 1757 1243 1828 viri
1261 1780 1397 1828 menon
1416 1755 1637 1828 hortabantur
1648 1755 1769 1844 modo,
1791 1754 1848 1829 sed

572 1847 815 1929 &conditione
831 1854 973 1948 optabili
989 1852 1161 1950 proposita
1177 1849 1334 1936 orabant,
1357 1871 1396 1922 ut
1413 1848 1482 1922 illic
1493 1853 1584 1947 apud
1599 1855 1631 1922 le
1643 1851 1696 1922 vel
1709 1848 1848 1948 hyema-

571 1959 671 2016 turus
688 1965 818 2021 rantum
838 1947 1072 2037 subsisterem,
1097 1969 1160 2018 nec
1176 1943 1378 2016 imbecillam
1395 1946 1482 2017 hanc
1498 1943 1724 2018 valetudinem
1745 1944 1779 2016 in
1793 1968 1851 2016 ea·

541 2074 543 2080 .
570 2032 645 2108 sum
655 2043 887 2136 acpericulum
900 2043 1033 2130 darern;
1045 2039 1150 2113 malui
1162 2060 1273 2111 tamen
1285 2040 1325 2112 ad
1339 2037 1509 2111 flammam
1523 2041 1679 2113 accedere
1691 2038 1849 2139 propius,

570 2129 771 2227 &incendii
790 2136 974 2210 vastitatem
1020 2134 1259 2228 ualitatemque
1275 2156 1389 2204 coram
1407 2133 1531 2206 certius
1548 2134 1735 2230 explorare.
1786 2135 1852 2205 lta·

570 2245 641 2318 que
657 2223 803 2303 biduum
814 2251 947 2304 tantum
965 2160 1155 2305 reiovendis
1173 2231 1272 2327 equis
1287 2249 1535 2318 commoratus,
1557 2227 1798 2327 Numbergam
1810 2225 1854 2313 bl

568 2318 613 2391 ad
631 2328 807 2415 Ryneclum
823 2326 978 2398 nostrum
1000 2325 1181 2398 contendo.
1228 2325 1263 2402 ,A
1279 2346 1352 2418 quo
1369 2347 1434 2417 pro
1450 2347 1572 2396 mutua
1583 2320 1852 2403 nostraamicitia

569 2407 993 2512 humaoiffimeexceptus,
1012 2420 1054 2490 de
1064 2417 1148 2491 meis
1160 2416 1261 2488 rebus
1271 2415 1424 2486 nonnihil
1437 2415 1598 2504 edoceor,
1613 2415 1800 2512 simulque,
1818 2437 1855 2497 ιο,

570 2498 614 2576 ab
626 2503 718 2579 Italis
735 2507 913 2598 reducem,
933 2511 1047 2583 audio
1101 2509 1172 2580 Hic
1191 2508 1226 2585 in
1249 2504 1389 2587 summis
1408 2508 1503 2579 malis
1518 2527 1607 2583 tanta
1624 2509 1709 2581 mihi
1729 2506 1854 2591 oborttt'

570 2593 620 2669 est
632 2599 763 2689 laetitia,
786 2623 825 2674 ut
845 2603 951 2676 letme
967 2626 1084 2674 omnes
1094 2599 1196 2673 animi
1213 2600 1382 2674 molestias
1397 2601 1619 2706 abstergeret:
1641 2627 1710 2675 non
1732 2603 1851 2690 aliter,

569 2710 673 2788 atque
690 2695 807 2769 rustici
823 2697 969 2793 gaudete
986 2695 1113 2785 solent,
1134 2695 1158 2766 fi
1178 2693 1318 2790 quando
1333 2693 1497 2768 diuturno
1514 2695 1622 2769 imbre
1638 2698 1852 2771 madentibus

571 2784 621 2875 ¹sol
636 2786 691 2862 ille
701 2789 852 2863 amabilis
863 2789 1107 2864 nube'discml:
1117 2812 1259 2862 aureum
1274 2783 1361 2861 illud
1372 2788 1524 2870 ossuum
1537 2790 1729 2863 ostenderit.
1778 2794 1854 2864 Ta..

571 2880 769 2980 metsrapud
781 2886 873 2958 hunc
885 2909 1052 2958 necmora
1065 2909 1126 2962 nec
1138 2884 1286 2980 requies:
1315 2880 1408 2979 quod
1424 2883 1602 2981 hostr'sjam
1621 2884 1854 2959 mutosbabe·

572 2995 637 3066 ret,
663 2979 700 3050 δι
720 2979 939 3078 undiquaque
948 3003 1120 3076 appareret
1133 2978 1279 3076 plurima
1291 2976 1410 3053 mortis
1427 2979 1550 3075 imago.
1598 2979 1717 3071 Qrare
1730 2978 1853 3073 postri-

572 3069 645 3160 die,
667 3096 770 3166 quam
789 3098 831 3146 eo
852 3099 1025 3163 veneram,
1041 3100 1156 3163 mane,
1165 3071 1279 3170 Liplia
1288 3073 1330 3147 ad
1348 3071 1509 3146 finillram
1523 3072 1654 3158 relifia,
1675 3071 1853 3151 certiffima

572 3170 624 3235 tui
639 3169 862 3242 conveniendi
883 3170 938 3265 spe
953 3170 1071 3244 ardens
1088 3172 1209 3268 Pegam
1221 3175 1254 3255 c)
1271 3167 1457 3242 contendo:
1480 3187 1582 3264 atque
1595 3167 1641 3242 ibi
1657 3168 1689 3238 in
1702 3168 1854 3241 diverso·

571 3257 624 3329 rio
643 3260 778 3335 fortuna
797 3265 975 3351 Marcum,
1020 3267 1096 3338 atris
1118 3264 1168 3337 tui
1182 3261 1347 3354 scribam,
1369 3262 1517 3335 invenio.
1569 3264 1694 3361 Rogo,
1714 3262 1853 3339 domine

573 3350 631 3440 fis,
652 3356 831 3429 auMisnae
847 3381 934 3455 agas:
983 3289 1105 3432 riberie
1123 3379 1156 3433 te
1178 3358 1320 3447 Misnae,
1345 3356 1463 3454 ajebat.
1512 3355 1585 3429 Hic
1596 3355 1688 3461 quast
1701 3357 1734 3430 in
1747 3359 1851 3433 trivio

572 3449 791 3547 constitutus,
814 3476 886 3550 quo
899 3477 953 3527 nte
966 3475 1148 3545 verterem,
1168 3451 1335 3619 dulgtgvi.
1357 3453 1453 3528 Nam
1465 3454 1721 3555 apudammum
1734 3477 1852 3623 mcii?

581 3795 599 3815 ··
618 3774 668 3851 (bl
686 3775 863 3843 schilterus
885 3780 927 3846 ita
950 3780 1054 3847 edidlt‘
1070 3738 1114 3847 ιιι
1131 3727 1336 3865 autographo
1390 3736 1596 3864 significatui
1616 3776 1848 3860 Numburgum.

571 3857 627 4005 187ss
619 3876 734 4024 §trram
755 3861 995 3930 Melanchrhou
1011 3866 1067 3932 lib.
1089 3869 1117 3932 I.
1142 3862 1240 3951 Epist.
1264 3883 1291 3947 3.
1317 3861 1432 3930 urbem
1451 3864 1626 3968 Colurgunt
1641 3862 1771 3971 locavit
1792 3865 1850 3924 Co·

600 4027 662 4104 „lo
676 4025 973 4122 illeliluszrtocatut
980 4031 1134 4127 l’egtrtt'e,i
1152 4029 1406 4108 ..minaticum
1419 4047 1539 4107 nomen
1553 4029 1737 4114 elll'allll·¹
1783 4006 1798 4017 Η
