4884 5042
1235 524 1347 625 (τι)

682 729 761 823 Jam
782 725 919 801 cunetis
935 749 970 798 es
988 723 1024 796 in
1043 721 1247 816 canticum,
1269 739 1379 822 gaalz
1396 728 1480 800 aller
1498 727 1595 801 Welt
1612 721 1664 802 ein
1683 733 1802 828 Spart,
1897 729 1899 732 ’

690 828 830 900 Contra
850 845 884 898 te
904 820 1013 895 modo
1033 839 1233 894 murmurat
1256 824 1363 914 sihier
1379 828 1545 899 iaderman
1562 850 1610 900 za
1627 830 1722 902 Gort.

687 923 746 996 Te
765 947 886 995 omnes
904 918 1064 1016 produnt
1083 920 1225 1016 digito,
1250 921 1453 1016 waseibstſse
1469 925 1546 996 dich
1563 951 1628 1000 nur
1641 927 1741 1023 sehr,

685 1022 758 1093 Pro
776 1043 929 1117 quorum
949 1040 1013 1088 nos
1030 1015 1218 1089 sceleribus
1243 1020 1317 1091 hier
1335 1021 1404 1092 aad
1418 1024 1494 1109 dart
1507 1046 1574 1118 gar
1589 1027 1745 1122 uergehn.

685 1131 772 1204 Post
791 1154 932 1228 tergum
950 1150 1099 1201 movent
1117 1130 1257 1226 capita,
1283 1156 1360 1204 man
1377 1134 1451 1205 redt
1465 1160 1532 1207 von
1549 1137 1604 1208 dir
1615 1163 1681 1233 gar
1697 1141 1786 1233 dall,

688 1223 749 1300 Ad
777 1249 875 1302 tuam
899 1231 973 1328 jam
1000 1226 1180 1299 infamiam
1206 1229 1248 1316 ist
1272 1232 1359 1303 allen
1377 1232 1557 1325 Menscben
1573 1238 1685 1329 wahl,

687 1327 804 1400 Intret
823 1326 902 1398 haec
921 1325 1135 1422 penetralia,
1160 1329 1244 1399 weil
1258 1329 1366 1400 nichts
1383 1329 1521 1425 umsonfl
1533 1330 1723 1426 geschicht,
1813 1407 1816 1411 ,

687 1425 787 1496 Cave
806 1449 850 1496 ne
867 1422 997 1495 restent
1014 1422 1102 1515 alia,
1128 1426 1165 1496 ab
1183 1425 1244 1497 dus
1252 1427 1356 1518 schoa
1373 1428 1496 1516 achtefl
1514 1429 1618 1502 nicht.

686 1538 783 1611 Haec
802 1556 842 1609 tu
861 1535 960 1609 aufer
978 1535 1197 1633 opprobria,
1221 1539 1266 1610 du
1283 1538 1410 1633 hochste
1429 1544 1529 1613 Gotts
1547 1545 1706 1638 Gewalt,

634 1713 637 1718 J
685 1636 812 1708 Vitam
834 1636 870 1709 ὅ(
890 1659 1005 1707 mores
1025 1636 1190 1805 corripe,
1217 1641 1382 1712 verander
1398 1640 1456 1712 ihr
1474 1639 1625 1735 Gestalt,

685 1734 736 1805 Et
755 1733 928 1805 mundum
947 1731 1095 1806 stultum
1133 1731 1252 1829 ¹esere,
1276 1761 1330 1809 wo
1337 1743 1388 1832 ste
1395 1739 1469 1832 fich
1486 1741 1579 1812 nicht
1596 1740 1736 1832 bekehr,

532 1872 534 1878 ·
683 1818 783 1904 Cum
803 1832 902 1904 coelo
920 1850 963 1904 tu
982 1829 1023 1905 fis
1041 1832 1170 1927 altior,
1193 1833 1461 1929 schmahnselbst
1477 1838 1534 1908 ihr
1545 1837 1649 1930 graffo
1666 1837 1756 1908 Ehr.

687 1946 780 2017 Sunt
799 1964 939 2020 tantum
959 1948 1039 2020 haec
1058 1947 1254 2044 praeludia,
1280 1972 1313 2019 er
1329 1947 1372 2036 ist
1387 1949 1468 2016 noch
1484 1949 1536 2015 als
1549 1951 1604 2014 ein
1620 1948 1723 2031 Spiel.
1857 2021 1859 2030 p

685 2041 744 2115 Te
761 2046 982 2156 piuspalpat
1005 2044 1206 2129 Dominus,
1231 2045 1307 2110 dieb
1322 2040 1415 2109 nicht
1432 2040 1587 2106 betruben
1603 2040 1703 2128 will,

686 2141 920 2241 Compatrtur
938 2138 1107 2222 miseriae,
1132 2136 1191 2203 der
1202 2130 1333 2227 grossen
1349 2129 1561 2225 Blodigkeit,

539 2233 541 2237 ¹
685 2240 818 2313 Monet
837 2241 895 2334 pie
913 2257 953 2307 ut
971 2230 1111 2317 redeas,
1138 2225 1329 2327 vermeidest
1342 2224 1470 2327 grosser
1485 2226 1590 2318 Leyd.

687 2355 725 2427 Si
746 2357 911 2450 pietatem
931 2343 1111 2438 negligat,
1128 2339 1204 2434 sein
1217 2338 1323 2435 grosse
1340 2341 1442 2411 Gnad
1458 2344 1527 2414 und
1545 2343 1641 2434 Gur,
1705 2367 1726 2402 .-

687 2452 948 2534 Cervicemque
968 2438 1171 2528 duraveris,
1197 2439 1267 2508 und
1282 2440 1358 2510 dein
1373 2437 1538 2530 verstockt
1557 2440 1701 2534 Gemut,

683 2547 743 2616 Te
763 2536 958 2638 flagellabit
975 2536 1144 2636 gravius,
1169 2533 1213 2608 du
1232 2532 1336 2632 mags}
1353 2536 1446 2608 nicht
1463 2536 1684 2635 widerstehn,
1756 2542 1758 2547 '
1896 2563 1900 2578 ·’

672 2642 751 2713 Per
777 2636 933 2736 pestem,
960 2637 1111 2729 famem,
1138 2633 1322 2732 gladium,
1347 2635 1453 2727 musta
1470 2658 1519 2709 zu
1536 2654 1719 2712 trummern
1731 2634 1829 2737 gehn.

683 2750 891 2853 Sequuntur
909 2753 1020 2827 verba¹
1034 2747 1202 2842 verbera,
1229 2755 1258 2823 ie
1275 2751 1392 2831 horter
1409 2748 1454 2823 du
1472 2755 1552 2825 wilt
1559 2752 1662 2850 seyr,

608 2863 610 2866 ’
682 2854 827 2955 Plagae,
852 2854 968 2947 livor,
996 2853 1033 2926 &
1051 2848 1218 2940 vulnera,
1245 2852 1274 2921 ie
1287 2845 1413 2945 grasftr
1431 2853 1527 2945 wird
1539 2853 1592 2926 die
1608 2851 1719 2945 Pein,

685 2956 820 3028 Nudus
839 2977 993 3049 pauper,
1020 2951 1067 3019 ac'
1080 2943 1277 3040 profugus,
1302 2948 1405 3041 mags}
1415 2949 1496 3040 steyn
1512 2970 1558 3022 an
1574 2955 1662 3022 allen
1679 2950 1821 3042 Endon,

684 3054 795 3125 Tunc
816 3052 909 3123 forte
927 3042 1054 3116 cuneta
1071 3041 1269 3134 sperneres,
1295 3044 1414 3139 mochst
1431 3049 1488 3118 dir
1504 3049 1566 3121 das
1583 3050 1695 3123 Labra
1712 3051 1861 3122 werden.

662 3245 866 3329 Hortatur,
885 3252 925 3306 ut
944 3258 1008 3333 per
1022 3235 1309 3313 emendationem
1328 3240 1413 3315 talia
1430 3243 1590 3340 pericula
1607 3261 1761 3316 conetur
1777 3241 1919 3316 evitate.
2012 3220 2017 3227 ⁶
2042 3247 2045 3252 ’

686 3366 728 3440 N
732 3392 802 3438 unc
823 3385 960 3438 tanturn
978 3365 1109 3441 malum
1131 3369 1312 3465 praevide,
1337 3374 1389 3442 als
1404 3388 1518 3444 erman
1534 3368 1680 3469 kanfftig
1697 3396 1796 3459 war,

685 3458 823 3537 Futura
841 3467 934 3556 enim
953 3489 1056 3565 paena
1074 3464 1146 3560 e'st,
1171 3472 1224 3541 die
1237 3467 1338 3564 grosz
1357 3469 1427 3538 rand
1440 3467 1658 3561 uberschwer.
1696 3462 1704 3475 ⁶

685 3565 735 3635 Et
757 3563 779 3635 sr
799 3585 864 3637 nec
880 3584 969 3641 tunc
988 3565 1197 3653 terreberis,
1222 3563 1376 3633 batracht
1391 3563 1454 3635 dar
1468 3566 1556 3636 letzr
1577 3559 1737 3652 Gericha,
1793 3583 1796 3589 ·

685 3662 762 3737 Ubi
783 3683 869 3738 tunc
883 3668 990 3766 juxta
1006 3687 1115 3760 opera
1136 3661 1197 3733 dea
1214 3659 1395 3753 Meafchen
1411 3662 1504 3734 recht
1516 3656 1695 3755 geschicht.

686 3776 847 3875 Festina,
874 3807 918 3856 ne
937 3778 1135 3875 neglexeris
1160 3773 1212 3846 dic
1226 3771 1329 3869 groffe
1348 3773 1617 3847 Genaden-Zrir.

688 3878 828 3952 Securis
850 3879 914 3951 stat
933 3877 975 3948 ad
993 3874 1179 3960 arborem,
1203 3873 1263 3942 der
1280 3874 1358 3944 Fau
1375 3872 1415 3964 ist
1423 3872 1527 3969 schoa
1543 3871 1658 3942 barrit.

686 3975 749 4051 Ne
767 4005 786 4051 a
804 4000 839 4049 te
858 3992 993 4070 quaerat
1011 3969 1240 4065 sanguinem,
1265 3992 1329 4039 var
1338 3970 1429 4062 seiae
1449 3967 1700 4060 Unterthaa'n,

685 4075 777 4151 Non
795 4075 864 4146 erit
881 4091 968 4143 tunc
987 4090 1059 4165 quo
1078 4065 1217 4162 fugias,
1236 4067 1302 4161 far
1311 4067 1436 4159 scirem
1450 4067 1566 4166 grisea
1583 4068 1727 4141 Nam'n.

1855 4178 1941 4252 Sur·
1966 4180 1970 4188 '
