4884 5042
572 501 1584 702 'enarratu

507 779 634 885 clelia
661 777 731 883 fita
769 775 899 881 uobis
933 776 1184 919 proposuit,
1221 784 1347 876 taotrl
1377 776 1699 916 conspiciantur
1717 788 1830 884 evi·-

484 918 698 1043 'dentius,
746 944 878 1056 atque
910 912 969 1014 ad
999 913 1140 1053 ipsam
1172 918 1261 1013 Dei
1295 911 1496 1015 Gloriam
1531 916 1809 1056 cognoscan-

506 1059 577 1153 t‘ur
606 1082 741 1190 ‘atque
774 1046 1056 1152 celebrentur.
1377 1144 1382 1153 .

575 1193 781 1311 Verum,
818 1182 940 1329 quod
979 1185 1163 1303 adhoc
1196 1178 1364 1326 ipsum,
1407 1183 1530 1322 quod
1546 1191 1641 1320 jam
1663 1185 1806 1288 offero

504 1323 672 1424 adtinet
706 1325 964 1442 Volumen,
1003 1355 1140 1460 pauca
1174 1322 1377 1463 quaedam
1407 1317 1552 1422 adhuc
1572 1320 1628 1421 de
1647 1359 1701 1420 eo
1723 1359 1808 1421 no·

505 1460 642 1559 tanda
686 1459 815 1558 nobis
846 1453 1041 1575 restant,
1097 1456 1242 1558 Icones
1276 1450 1488 1555 Vrrorum
1527 1456 1810 1599 quorundam

507 1592 750 1690 celebrium
811 1590 936 1726 quod
976 1589 1096 1689 vides
1138 1598 1263 1730 operi
1307 1590 1414 1690 hinc
1454 1593 1558 1693 inde
1601 1590 1807 1716 insertas,
1958 1698 1961 1703 ,

507 1726 559 1824 Β.
597 1730 655 1823 L.
701 1723 746 1821 id
783 1728 946 1859 partim
980 1756 1163 1865 propter
1196 1725 1320 1823 seculi
1356 1724 1524 1852 nostri,
1581 1725 1650 1825 his
1683 1726 1809 1826 tabu-

504 1855 558 1957 lis
601 1861 730 1994 pislis
773 1863 963 1996 pretium
1007 1863 1237 2001 quoddam
1280 1867 1489 1999 ponentis
1530 1899 1708 1964 morem
1743 1861 1805 1964 est
1978 1860 1980 1865 ’

502 1990 708 2117 uuum,
790 2002 919 2095 artim
953 2029 1136 2139 propter
1171 2006 1314 2133 operis
1348 2030 1702 2121 ornamentum,
1756 2015 1805 2101 dc

535 2130 624 2229 uod
659 2028 840 2231 vividius
875 2130 974 2268 ipsae
1007 2172 1072 2234 res
1107 2136 1136 2232 d
1171 2137 1293 2234 Viris
1326 2134 1539 2271 praeclaris
1573 2134 1703 2273 gestae
1737 2141 1806 2235 vi·

425 2279 428 2282 ’
500 2162 684 2367 deantur
714 2266 889 2366 inscribi
923 2274 1155 2370 memoriae
1189 2263 1336 2403 posse,
1377 2266 1452 2367 ubi
1485 2271 1556 2369 vel
1589 2271 1680 2407 ipse
1698 2305 1807 2367 ocu·-

498 2402 565 2503 lus
607 2401 688 2497 has
719 2400 901 2501 illustres
934 2400 1124 2502 heroum
1158 2411 1349 2502 intuetur
1381 2410 1629 2542 imagines,
1677 2416 1808 2544 atque

501 2530 687 2640 subinde
719 2567 788 2630 eas
820 2534 931 2663 ipsas
960 2540 1014 2632 ad
1046 2535 1196 2670 gloriae
1227 2532 1424 2634 stimulos
1453 2547 1806 2640 &incitamenta

502 2678 717 2770 virtutum
742 2660 835 2764 ¹srbi
872 2660 1067 2794 subjicit:
1109 2677 1271 2802 Neque
1303 2678 1410 2768 vero
1438 2676 1486 2767 in
1502 2673 1578 2770 'his
1598 2672 1699 2807 ipsrs
1718 2675 1808 2769 ele-

504 2807 666 2951 gantiis
697 2807 782 2898 nos
816 2795 1132 2920 solummodo,
1175 2800 1249 2896 -vel
1269 2805 1313 2897 iu
1348 2810 1452 2899 enio
1487 2807 1559 2902 vel
1578 2813 1809 2933 conjectu·

501 2931 820 3056 reindutfiffe,
870 2933 1042 3054 credas,
1090 2966 1266 3071 aequurn
1285 2835 1371 3054 ed,
1419 2968 1521 3034 curn
1538 2940 1682 3074 potius
1702 2973 1807 3041 orn·

497 3080 609 3172 'nem
639 3065 966 3189 adhibuerimus
996 3099 1208 3204 operam,
1256 3102 1348 3207 quo
1369 3064 1575 3193 studiosa,
1621 3076 1828 3217 cupida-'2

498 3241 588 3348 que
614 3234 687 3303 tua
712 3200 969 3335 hujusmodi
997 3206 1311 3341 elegantiamm
1333 3212 1428 3303 nb'n
1451 3203 1669 3310 falleretur
1688 3212 1804 3312 lidu'·

498 3336 584 3441 εἰει.
654 3346 910 3459 uuasrn,
957 3343 1279 3461 Lorium,
1326 3344 1800 3463 zW1NGL11,oE·

502 3478 905 3578 cornuaaou
941 3486 986 3572 a
1011 3479 1799 3619 MELANCHTOle-lmaginer,

500 3619 562 3714 ita
590 3607 686 3708 sunt
712 3611 803 3709 iere
832 3612 957 3706 certis
983 3606 1240 3747 quibusdam
1273 3614 1391 3708 notis
1417 3616 1513 3743 jam
1544 3609 1802 3717 distindlivis

499 3741 879 3867 internoscenda,
935 3770 984 3840 ut
1021 3751 1068 3840 in
1108 3743 1181 3842 his
1205 3745 1296 3842 falli
1332 3746 1578 3847 admodum
1611 3768 1804 3891 nequea'·

501 3918 626 3985 mus:
667 3884 911 3982 WESSELl
933 3908 1081 3977 autern
1101 3884 1495 4005 GANSFORTI,
1532 3888 1805 3984 celeberrimi

505 4019 617 4120 illius
665 4020 782 4118 inter
820 4014 1148 4210 Groninganp*
1158 4013 1340 4215 politos
1381 4020 1592 4122 Veritatis
1633 4015 1808 4179 Testis,

1223 4190 1247 4286 3
1698 4184 1811 4251 rma·
