4884 5042
940 564 943 567 ’
1032 579 1166 674 (107.)
1242 630 1244 635 ·

534 721 574 796 &
602 721 738 822 cognita
764 723 906 796 veritate
931 744 1051 796 eorum
1074 721 1170 794 saluti
1193 722 1230 795 δε
1254 719 1462 796 indemnitati
1476 722 1602 800 miseri·
1654 733 1668 759 ⁴

536 820 686 892 corditer
706 818 894 891 consulere.

584 916 670 987 ltem
686 914 894 986 declaramus
905 914 999 1010 quod
1013 911 1111 985 semel
1123 910 1274 1006 expediti
1284 934 1347 1007 pro
1358 911 1596 1010 nostreplena·
1697 931 1735 991 7¹

534 1006 584 1080 rie
601 1006 797 1080 rcmiffionis
817 1009 1053 1080 consecutione
1073 1008 1313 1079 recidivantes:
1341 1007 1532 1081 dummodo
1551 1036 1594 1083 ex
1607 990 1776 1094 statutum·

532 1102 739 1175 confidentia
762 1103 900 1173 istarum
919 1102 1205 1199 indulgentiarum
1224 1099 1308 1172 nibil
1326 1100 1482 1173 illicitum
1499 1128 1576 1175 com
1604 1093 1665 1158 ¹³¹⁰
1678 1079 1794 1227 ἵὶαώ·

532 1196 695 1268 miserint.
722 1199 779 1267 seu
803 1195 1028 1267 obmissorum
1048 1199 1102 1267 vel
1126 1195 1314 1266 oblitorum
1337 1197 1498 1270 recordati
1518 1198 1592 1270 sue·
1606 1176 1692 1224 Μ’
1719 1181 1768 1225 ¹¹⁵·

535 1288 620 1361 rint:
650 1290 771 1386 polsrnt
783 1291 824 1362 de
837 1314 930 1362 novo
944 1292 978 1361 in
990 1291 1073 1363 locis
1084 1289 1144 1362 ubi
1158 1289 1351 1386 publicatur
1366 1291 1487 1389 gratia,
1514 1316 1596 1363 con-

533 1381 839 1482 ·fiteri‚imponere.
890 1387 938 1458 Et
951 1385 1145 1483 hujusmodi
1157 1384 1380 1480 indulgentias
1391 1387 1575 1481 promereri
1585 1413 1594 1460 t

535 1501 599 1550 nec
616 1481 663 1552 eis
683 1506 769 1576 opus
787 1480 849 1552 erit
865 1481 905 1551 ad
925 1480 1070 1574 priorem
1101 1478 1321 1550 consessorem
1349 1478 1422 1551 ire:
1453 1480 1512 1551 nili
1529 1481 1596 1554 hoc

535 1573 707 1648 meritorie
721 1573 827 1646 facere
844 1573 1024 1645 voluerint.
1072 1572 1147 1647 Sub
1161 1596 1229 1669 qua
1247 1572 1358 1645 nostra
1374 1573 1597 1649 declaratione

534 1689 653 1739 omnes
680 1668 922 1763 comprehendi
942 1669 1127 1739 volumus:
1157 1667 1217 1763 qui
1244 1666 1428 1764 presentem
1449 1670 1591 1767 gratiam

534 1762 708 1834 consecuti
723 1764 798 1834 sunt
818 1764 872 1834 vel
890 1764 1149 1857 consequentur.

576 1856 669 1928 'ltem
687 1857 894 1929 declaramus
912 1859 1006 1952 quod
1029 1855 1241 1951 penitentiam
1261 1855 1432 1951 publicam
1450 1857 1591 1952 'asluriz
1695 1887 1733 1942 72

533 1970 683 2042 quorum
697 1952 869 2022 occafione
884 1971 951 2022 tota
965 1951 1084 2023 vicinia
1097 1951 1303 2022 scandalisata
1321 1948 1439 2024 suerit:
1463 1974 1521 2024 aut
1540 1954 1588 2024 lo·
1603 1955 1727 2022 Modus
1739 1966 1774 2012 a·
1794 2029 1802 2044 ·

531 2046 639 2115 cusin
653 2044 980 2141 quoertcelleruntsr
1001 2045 1198 2118 secularium
1218 2043 1378 2116 severitas·
1387 2047 1502 2143 legum
1521 2040 1696 2125 nongendi
1711 2028 1820 2128 Pul'h·

532 2135 701 2211 timeatur.
724 2139 769 2212 fic
781 2138 813 2211 se
826 2140 946 2211 habere
956 2138 1090 2211 debent.
1139 2141 1177 2210 ln
1190 2138 1308 2234 primis
1323 2140 1538 2213 denudentur
1551 2144 1587 2214 ὅ(
1599 2145 1678 2218 ⁶³¹³.
1688 2135 1777 2204 ΡΨ

532 2232 767 2305 discalcientur
785 2233 1001 2305 femoralibus
1017 2235 1192 2306 dumtaxat
1212 2233 1269 2304 seu
1289 2234 1430 2307 camisiis
1443 2236 1588 2309 retentis.
1600 2224 1744 2274 ‘emm'

533 2323 569 2392 in
585 2326 726 2420 Capella
743 2348 801 2398 aut
819 2328 960 2398 sacristia
978 2328 1106 2399 idonea.
1158 2330 1213 2398 De
1232 2328 1306 2423 post
1325 2329 1504 2424 gestabunt
1524 2333 1591 2402 vir-

533 2438 611 2511 gam
639 2442 674 2486 rn
700 2440 785 2488 una:
810 2421 1034 2490 &candelam
1055 2422 1089 2490 in
1116 2422 1178 2491 alia
1197 2421 1374 2510 manibus,
1397 2423 1430 2493 in
1449 2425 1611 2504 modum,

533 2509 645 2580 crucis
656 2529 732 2580 ante
743 2511 861 2604 petras
876 2513 1074 2598 cancellatis,
1085 2512 1398 2609 processionemque
1408 2522 1591 2592 euntemad

534 2603 710 2676 stationem
730 2605 925 2699 precedent:
949 2603 1050 2698 seque
1066 2626 1141 2675 ante
1159 2629 1295 2675 crucem
1319 2609 1464 2680 erectam
1508 2636 1592 2683 enu-

533 2696 615 2780 flexi
635 2723 670 2770 re
695 2719 814 2772 ouant:
839 2721 1023 2794 quousque
1041 2718 1159 2769 cantus
1176 2696 1302 2768 ibidem
1322 2720 1403 2772 cum
1424 2635 1592 2776 versiculo

532 2793 570 2865 &
598 2724 754 2865 collisu
773 2793 812 2866 fit
834 2790 979 2884 totaliter
1007 2791 1136 2864 finitus.
1192 2792 1326 2863 Deinde
1344 2791 1436 2869 saslo
1460 2797 1590 2869 srlentio

533 2888 571 2968 &
589 2886 835 2960 Commilsrtrio‘
845 2887 975 2984 psalmo
992 2890 1150 2980 Miserere
1163 2895 1236 2957 mei.
1262 2885 1457 2980 incipiente,
1480 2889 1588 2961 statim

531 2981 729 3055 ducantura
742 2985 807 3055 suis
818 2981 1076 3054 Consell'oribus
1091 3007 1150 3078 per
1162 2983 1309 3053 medium
1325 2982 1484 3056 stationis.
1512 2983 1588 3056 Pri·

518 3100 590 3159 ,mo
610 3077 652 3148 ad
678 3077 978 3150 Commillarium:
1006 3080 1067 3173 qui
1083 3098 1218 3174 accepta
1240 3076 1334 3174 virga
1350 3077 1392 3147 de
1406 3101 1506 3149 manu
1527 3103 1585 3174 pe·

531 3170 686 3243 nitentis:
714 3173 822 3269 ipsum
836 3172 985 3244 modeste
997 3193 1046 3244 ter
1063 3173 1095 3243 in
1107 3170 1245 3244 dorsum
1266 3171 1455 3244 verberabit
1471 3175 1586 3245 dicen-

531 3266 594 3353 d0‚
616 3275 738 3338 Pareat
757 3267 817 3337 ribi
829 3270 903 3336 deus
922 3272 961 3343 ὠ·
978 3269 1122 3338 dimittat
1140 3269 1256 3339 delisla
1268 3290 1341 3352 rua,
1368 3264 1509 3365 lingulis
1526 3274 1585 3363 pen

530 3361 725 3433 nitentian'is
742 3363 779 3436 &
791 3361 1035 3434 consessoribus
1053 3362 1098 3434 fic
1111 3365 1154 3433 eir
1168 3362 1285 3434 ordine
1299 3361 1441 3432 ulterius
1459 3360 1587 3434 sacien-

531 3456 638 3545 tibus‚
659 3455 755 3529 diclo
772 3459 884 3554 itaque
901 3455 1029 3553 psalmo
1050 3461 1208 3548 Miserere
1225 3464 1288 3527 mei
1305 3457 1381 3526 deas
1396 3455 1585 3541 alternatim
1665 3516 1667 3520 .

530 3555 616 3629 cuni
618 3555 723 3649 gloria
730 3561 829 3646 parri.
862 3545 1003 3647 Incipiat
1014 3545 1274 3624 Commilltrius
1291 3553 1474 3652 Kiryeleison
1486 3559 1586 3622 Pater

529 3647 638 3740 noller.
687 3656 855 3719 Eteonos.
904 3653 1015 3718 Salvos
1027 3653 1090 3742 fac
1111 3649 1234 3716 domine
1246 3651 1353 3735 servos
1369 3668 1446 3716 tuor.
1496 3655 1587 3717 Deus

531 3747 603 3817 &a
643 3747 756 3813 ‘Mitte
776 3747 820 3813 eii
835 3749 999 3813 auxilium
1017 3745 1056 3813 de
1072 3742 1175 3834 sanslo
1193 3747 1260 3818 &a
1312 3749 1448 3812 Domine
1464 3742 1587 3812 exaudi

482 3853 484 3858 ⁴
531 3844 697 3907 orationem
714 3866 817 3909 meam
834 3845 903 3916 &a
957 3846 1114 3910 Dominus
1135 3836 1298 3909 vobiscum
1316 3840 1385 3911 (dc.
1439 3841 1587 3907 Oremul.

531 3933 622 3999 Dens
638 3938 692 4000 mi
701 3940 862 4029 proprium
879 3939 948 4011 &a
997 3933 1045 4004 Et
1063 3930 1176 4026 postea
1194 3929 1362 4004 conlell’or
1383 3933 1587 4027 penitentem

434 4104 435 4109 ,
509 4020 706 4131 ,ipsumllc
720 4051 796 4102 aute
815 4025 1194 4194 crucem'constigttum
1211 4026 1385 4120 absolvat,
1410 4024 1589 4191 perablso·

557 4137 589 4181 .‘l.
603 4139 655 4185 υἷι
1129 4145 1153 4196 2
1501 4132 1517 4151 '⁸
1545 4141 1585 4190 u.
