4884 5042
543 614 708 710 ama
861 570 1510 688 Renovare
1767 617 1839 690 zm

535 728 639 826 liquis
658 727 869 802 Christianis
889 729 927 803 ὃ(
947 726 1148 801 Christiana
1164 725 1328 800 ,Ecclesia
1346 728 1564 826 separarent,
1587 745 1750 827 putantes
1770 722 1834 796 fibi

533 827 618 922 quid
647 827 706 900 uid
732 827 877 899 libuerit
900 827 1006 898 licere
1025 825 1097 898 &c
1118 826 1191 898 &c
1242 826 1344 897 Tum
1371 827 1449 923 post
1466 828 1603 923 aliquot
1621 828 1757 899 dierum
1777 822 1832 893 in·

534 853 727 1021 terjesiam}
738 949 873 996 moram
893 924 929 997 ὅ(
949 922 1069 995 seriam
1082 921 1372 995 deliberationem
1390 976 1402 1014 ,
1423 923 1759 1022 ipsrTigurinorum
1772 942 1834 1018 pa·
1878 948 1904 971 f

532 1018 663 1112 stores,
697 1046 808 1119 quos,
841 1021 959 1094 tacitis
986 1021 1070 1092 licet
1099 1018 1255 1117 ipsorum
1282 1018 1508 1110 nominibus,
1541 1019 1758 1115 potissimum
1780 1036 1833 1089 ta·

532 1117 810 1215 menindigitari
830 1119 993 1214 patebat,
1010 1127 1069 1189 ’ut
1086 1115 1220 1189 causam
1241 1116 1424 1210 dicerent,
1455 1113 1589 1188 admiffi
1606 1115 1708 1208 sunt,
1743 1117 1835 1185 Hul-

533 1212 645 1285 dricus
670 1213 743 1284 scil.
770 1215 1124 1307 ZWlNGLlUS',
1158 1220 1322 1286 Henricus
1346 1212 1767 1287 ENGELHARDUS
1794 1213 1833 1285 &

531 1309 715 1404 liudolphus
736 1310 1080 1385 RUSCELLUS:
1101 1312 1327 1409 Zwinglius,
1346 1308 1515 1409 loquendi
1560 1308 1708 1381 otestate
1723 1305 1835 1399 fasta,

531 1404 649 1480 statim
671 1433 711 1481 ea
727 1431 808 1504 quae
822 1408 858 1499 J.
877 1406 991 1479 Faber
1008 1409 1228 1505 reliquorum
1246 1412 1390 1482 nomine
1432 1335 1664 1506 roposirerat,
1687 1402 1833 1476 uberio-

531 1504 629 1577 ribus
647 1505 763 1577 verbis
783 1504 954 1595 refutare,
988 1527 1029 1575 ac
1046 1504 1201 1599 docere,¹
1230 1532 1335 1604 quam
1354 1435 1463 1579 nuslae
1481 1528 1607 1595 novae,
1635 1503 1765 1576 nedum
1779 1500 1835 1573 se·

532 1601 671 1673 ditiosae
690 1600 888 1692 dodtrinae,
904 1600 1093 1697 Tigurinis
1110 1604 1333 1676 annunciatae
1352 1603 1483 1693 essent,
1501 1601 1560 1673 vel
1577 1625 1621 1673 ex
1632 1627 1675 1673 eo
1684 1598 1759 1671 solo
1769 1621 1832 1694 pa·

534 1715 630 1788 tere,
666 1698 763 1792 quod
790 1696 917 1770 nullibi
940 1697 1179 1796 Evangelium
1209 1700 1344 1773 Christi
1364 1700 1401 1774 ὅ(
1420 1698 1582 1772 doctrina
1600 1694 1833 1796 Apostolica,

532 1800 613 1890 quae
656 1795 872 1867 concionum
907 1794 1044 1867 suarum
1077 1794 1292 1894 suorumque
1324 1798 1543 1896 collegarum
1576 1796 1831 1894 argumentum¹

531 1891 782 1982 continerent,
807 1894 965 1989 pacatius
983 1892 1186 1986 audiretur,
1212 1895 1250 1969 &
1270 1893 1425 1968 sineullo
1436 1893 1619 1984 tumultu,
1636 1889 1832 1989 quam-qui·

530 1987 611 2060 dem
631 1988 726 2085 apud
744 1989 969 2089 Tigurinosa
998 1991 1045 2083 (8)
1065 1988 1174 2062 Unde
1193 1989 1258 2064 sibi
1277 1992 1412 2083 videri,
1430 1991 1526 2088 quod
1545 1989 1757 2062 discordiam
1776 1983 1831 2058 ef·

500 2170 507 2180 ί
528 2083 690 2185 fingant,
723 2084 786 2159 ubi
812 2087 1027 2159 unanimiter
1049 2107 1193 2184 unoque
1211 2112 1273 2160 ore
1288 2091 1394 2183 juxta
1411 2088 1513 2160 Pauli
1530 2087 1681 2160 verbum
1699 2103 1832 2158 nomen

530 2182 603 2255 Dei
620 2182 859 2284 glorificatur.
905 2180 1043 2274 Porro,
1096 2209 1175 2257 uam
1192 2186 1341 2258 omnino
1358 2204 1531 2282 exoptet,
1558 2209 1603 2257 ne
1619 2204 1722 2257 tanto
1737 2182 1828 2256 ceri·

529 2285 729 2354 moniarum
751 2284 838 2382 jugo
855 2301 999 2378 tamque
1015 2209 1414 2379 diflicilipremerentur
1423 2282 1640 2373 Christiani,
1659 2282 1701 2354 ad
1711 2281 1831 2377 legem

529 2374 703 2447 libertatis
729 2383 862 2472 regiam
887 2379 1033 2468 vocati,
1061 2403 1173 2473 quum
1193 2380 1342 2472 velere,
1365 2386 1446 2477 quae
1465 2402 1561 2451 nunc
1577 2379 1693 2451 ubivis
1712 2375 1828 2448 incul-

530 2470 710 2542 centur&
726 2492 832 2539 onere
849 2473 886 2541 ὃς
903 2473 1137 2543 amaritudine
1154 2477 1386 2565 cerimoniae,
1402 2475 1494 2571 ipsas
1504 2473 1753 2571 exsuperarent
1762 2474 1830 2565 Ju-

529 2562 650 2638 daicas
662 2563 896 2655 cerimonias,
913 2565 950 2635 &
968 2586 1074 2659 quam
1094 2584 1212 2636 tamen
1221 2588 1411 2663 eapropter
1419 2571 1750 2646 minimedocuilset
1760 2593 1829 2643 un·

461 2665 464 2669 ’
529 2685 657 2759 quam,
688 2659 786 2760 quod
810 2659 907 2734 nulla
930 2659 1082 2730 humana
1105 2683 1288 2757 praecepta
1313 2663 1380 2735 sint
1402 2662 1462 2733 vel
1486 2663 1653 2737 servanda
1675 2669 1732 2741 vel
1761 2666 1831 2738 sta·

529 2758 682 2853 tuenda,
711 2757 816 2857 iqua
831 2757 1002 2833 sententia
1017 2754 1050 2826 se
1069 2754 1217 2853 suosque
1234 2757 1426 2853 profitetur
1438 2757 1680 2847 alienissimos,
1713 2786 1829 2858 neque

530 2854 642 2950 adeo,
659 2854 720 2929 vel
734 2855 768 2930 se
783 2855 841 2930 vel
854 2854 996 2928 suorum
1013 2876 1211 2952 quenquam
1229 2853 1251 2927 a
1265 2853 1466 2928 Christiana
1481 2853 1828 2949 ecclesiaseparatio·

529 2979 612 3027 nem
640 2974 700 3027 aut
726 2953 841 3029 facere
865 2972 925 3027 aut
949 2952 1095 3045 moliri,
1128 2949 1237 3050 ipsam
1265 2977 1352 3026 vero
1377 2950 1561 3025 ecclesram
1578 2951 1683 3024 unice
1702 2952 1828 3024 Verbo

529 3049 686 3148 scripto,
723 3054 912 3150 Sacrisque
934 3051 1043 3124 literis
1068 3050 1195 3124 debere
1220 3053 1347 3144 inniti,
1380 3049 1484 3148 seque
1509 3049 1658 3147 suosque
1688 3069 1827 3148 paratos
1867 3093 1869 3097 2

528 3147 596 3223 effe
621 3149 666 3221 ad
690 3149 908 3222 reddendum
935 3153 1108 3222 rationem
1134 3147 1178 3220 de
1200 3172 1269 3242 ea,
1313 3173 1392 3247 quae
1419 3151 1456 3220 in
1482 3147 1691 3244 ipsismet,
1733 3146 1834 3242 fide,

529 3245 689 3343 itemque
711 3247 755 3319 de
779 3247 912 3338 modo,
971 3271 1019 3318 uo
1042 3247 1163 3320 Sacras
1179 3245 1296 3319 literas
1314 3244 1760 3336 hasienus'tradiavissent,
1785 3269 1828 3320 ac

529 3342 713 3417 tractaturi
730 3363 830 3417 erant
847 3272 1102 3442 impoiierum,
1136 3367 1255 3415 coram
1274 3344 1479 3416 caelestibus
1497 3345 1643 3417 terrenis
1661 3345 1699 3418 ὃς
1716 3341 1830 3414 inser·

528 3443 594 3514 nis.
646 3441 735 3539 Qio
762 3440 874 3539 paeto*
892 3442 1023 3541 Legati
1048 3440 1333 3513 Constantienses
1352 3439 1475 3513 dimiffi
1494 3440 1593 3513 sunt:
1628 3443 1789 3514 Decreto
1805 3438 1845 3513 λ’

529 3535 649 3612 senatu
666 3543 849 3651 Tigurino
868 3538 983 3631 facto,
1017 3564 1061 3611 ne
1078 3539 1156 3635 quis
1173 3542 1333 3636 privatus
1355 3538 1417 3611 fibi
1437 3536 1506 3609 fine
1523 3535 1721 3636 gravillima
1739 3562 1823 3611 cau·

527 3632 583 3731 sa,
607 3637 788 3712 licentram
806 3658 987 3736 arrogaret
1006 3635 1174 3806 vescendli
1186 3637 1374 3806 lcarnibus,
1402 3636 1525 3711 diebus
1541 3636 1684 3734 vetitis,
1717 3634 1826 3804 ugque

1228 3757 1245 3834 3
1765 3756 1826 3803 um

526 3891 534 3950 l
561 3892 609 3972 (a)
631 3894 735 3959 Verba
748 3893 982 3962 ZWlNGLII
997 3894 1035 3961 ad
1052 3894 1155 3978 ipsum
1166 3896 1338 3979 Hugonem
1356 3891 1545 3975 Episcopum
1558 3897 1591 3960 in
1613 3893 1779 3957 Archetele
1794 3889 1831 3954 id

530 3977 738 4053 confirmant,
764 3981 890 4058 quando
907 3999 935 4061 p.
954 3999 1023 4064 124.
1042 3981 1061 4044 b
1094 3982 1135 4045 ita
1149 3980 1265 4044 scribit:
1294 3972 1401 4063 Tignn'
1415 3984 1507 4056 enim,
1527 3976 1652 4067 quodad
1666 3972 1828 4044 marianna

531 4050 641 4200 Cbrqia
655 4059 798 4162 ο(ιάιὲειιιὶ
816 4077 880 4164 ram
899 4077 1006 4161 pacata
1017 4062 1090 4154 suat
1112 4070 1227 4166 pmnia,
1256 4083 1344 4162 quqm
1367 4062 1407 4143 us
1416 4079 1488 4125 nam
1506 4065 1655 4148 gentiam,
1681 4069 1745 4154 epm
1759 4053 1832 4120 vus-

526 4139 744 4293 gmaiqu
758 4157 848 4213 ettam
861 4142 956 4214 rdiam
968 4143 1186 4233 Evangelrum,
1209 4160 1243 4213 ut
1257 4146 1349 4213 nolant
1364 4142 1396 4212 ul
1415 4266 1423 4275 ἱ
1465 4158 1571 4230 preter
1584 4140 1634 4208 boc
1647 4153 1770 4225 recipere
1782 4137 1831 4202 do
