4884 5042
1151 614 1155 621 -
1242 539 1351 635 (ωι)

1163 834 1315 930 Num.
1356 833 1422 930 ii.

646 1061 707 1157 D.
747 1057 1044 1155 ERASMI
1081 1047 1289 1187 Epistola
1320 1049 1380 1150 ad
1414 995 1497 1155 W.
1526 1057 1575 1149 F.
1607 1056 1954 1164 Cimonem

862 1274 942 1374 De
965 1269 1278 1399 renascentibus
1287 1272 1432 1396 secnla
1458 1308 1555 1372 xv1.
1582 1271 1735 1376 literis.

750 1569 834 1619 uum
862 1545 942 1620 baec
969 1543 1040 1644 ipsa
1069 1542 1152 1619 Des.
1173 1541 1381 1621 ERASMI
1408 1543 1648 1622 Roterodami
1670 1545 1836 1646 Epistola
1852 1550 1957 1624 miri·

758 1642 829 1717 fiee
853 1643 961 1718 faciat
985 1643 1029 1716 ad
1056 1647 1132 1743 ejus
1161 1646 1354 1742 temporis,
1390 1668 1465 1745 quo
1492 1645 1717 1722 reflorescere
1743 1645 1986 1722 videbantur·

754 1743 869 1816 omnis
896 1742 1035 1840 generis
1062 1741 1241 1816 bonarum
1268 1744 1399 1818 artium
1422 1744 1556 1838 studia,
1584 1745 1713 1818 statum
1738 1743 1807 1817 rit&
1826 1743 1960 1819 descri-

610 1850 628 1920 ’,
644 1835 826 1933 bendum,
861 1866 975 1939 neque
998 1837 1069 1938 ipsa
1087 1840 1226 1914 Erasmi
1246 1843 1412 1940 Operum
1435 1843 1653 1933 Volumina,
1679 1842 1877 1938 unicuique
1896 1845 1962 1917 ha·

642 1957 724 2009 rum
751 1962 868 2010 rerum
889 1940 1024 2035 cupido
1045 1936 1135 2029 fint,
1162 1940 1219 2010 vel
1237 1939 1306 2011 effe
1325 1935 1454 2030 poffint
1472 1938 1516 2008 ad
1533 1959 1678 2023 monus,
1704 1956 1966 2031 opportunum

642 2052 727 2104 eum
756 2033 914 2109 maxime?
941 2035 1102 2104 arbitrati
1128 2032 1269 2119 sumus,
1303 2030 1451 2099 eandem
1478 2032 1561 2118 hic,
1595 2027 1820 2121 Lediorum,
1855 2041 1965 2130 quod

641 2127 807 2222 equidem
836 2130 929 2198 bona
955 2125 1110 2220 ipsorum
1140 2147 1234 2195 cum.
1252 2123 1356 2195 venia
1373 2119 1537 2195 futurum
1557 2121 1663 2197 nobis
1680 2123 1960 2225 persuademus,

641 2221 847 2299 nostrorum
863 2221 1037 2319 subjicere
1056 2218 1194 2313 oculis,
1219 2243 1305 2292 cum
1322 2216 1566 2319 bonae,frugis
1584 2222 1697 2295 multa
1714 2222 1846 2296 exinde
1865 2224 1959 2297 hau·

630 2321 705 2398 'riri
740 2340 893 2421 queant,
936 2321 1144 2415 animusque
1170 2317 1214 2391 de
1242 2318 1324 2416 spe,
1357 2337 1570 2411 quamtum
1598 2317 1861 2416 praesagiebant
1886 2322 1964 2401 viri

642 2418 767 2513 doeti,
819 2420 1007 2492 meliorum
1045 2436 1117 2489 tem
1148 2438 1252 2488 orum
1289 2412 1475 2486 informari
1510 2410 1638 2513 poffit:
1684 2415 1750 2491 Est
1777 2415 1869 2493 vero
1894 2444 1963 2518 en,

643 2517 784 2618 (prouti
804 2519 896 2590 inter
913 2512 1092 2615 Epistolas
1110 2440 1250 2588 drasmi
1267 2513 1382 2598 Toni.
1398 2508 1429 2583 I.
1455 2534 1493 2584 n.
1511 2536 1636 2587 ccvll.
1661 2511 1727 2590 fol.
1741 2512 1961 2604 186-189.

642 2615 794 2795 iegistup)
810 2615 953 2791 t‚scripto
971 2639 1016 2691 ex
1034 2611 1139 2689 Urbe
1158 2606 1414 2710 Antverpienfi
1431 2607 1468 2683 d.
1485 2611 1830 2714 xxv1.Febr.1516.
1848 2634 1962 2718 atque

641 2734 695 2793 21²
725 2743 744 2795 e
789 2742 809 2791 a
836 2737 894 2792 et:

766 2968 980 3085 Erasmus
1002 2970 1238 3069 Roterod.
1267 2966 1584 3114 Guolfgango
1608 2970 1829 3077 Fabricio

1111 3107 1315 3250 Capitoni
1341 3117 1384 3212 S.
1412 3120 1476 3215 D.

642 3326 792 3505 Nou
813 3320 890 3400 sum
906 3325 1072 3428 equidem
1091 3331 1288 3409 admodum
1306 3333 1394 3407 vitae
1413 3334 1559 3431 avidus,
1583 3331 1812 3408 eruditissime
1829 3329 1951 3424 Guelf-

744 3451 868 3527 gange,
900 3424 973 3503 five
999 3430 1099 3532 quod
1125 3434 1245 3506 animo
1272 3452 1354 3504 meo
1375 3433 1451 3528 jam
1470 3433 1734 3530 propemodum
1753 3427 1829 3498 vixi
1847 3425 1951 3520 satis,

547 3593 549 3596 .
639 3525 813 3600 videlicet
848 3552 979 3603 annum
1012 3529 1183 3628 ingressus
1220 3528 1377 3624 primum
1414 3528 1564 3625 &quin
1591 3522 1840 3624 uageiimum3
1877 3521 1950 3598 five

604 3643 607 3648 ·
640 3623 740 3720 quod
763 3626 800 3698 in
820 3628 886 3703 hoc
904 3633 999 3721 vita,
1024 3623 1113 3699 nihil
1132 3623 1221 3695 adeo
1239 3621 1475 3722 magnificum
1494 3551 1676 3696 aurium
1694 3621 1825 3716 video,
1851 3623 1953 3722 quod·

639 3743 861 3824 magnopere
879 3727 922 3803 fit
938 3722 1203 3822 expetendum,
1221 3721 1254 3791 ei
1273 3724 1332 3794 cui
1343 3719 1547 3796 Christiana
1565 3718 1651 3792 fides
1669 3743 1752 3793 vere
1767 3721 1877 3795 fidem
1897 3719 1950 3794 fe·

642 3832 757 3920 cent,
810 3830 846 3899 ui
867 3829 1035 3923 pietatem
1057 3822 1116 3894 hic
1134 3844 1201 3917 pro
1218 3815 1278 3891 sua
1295 3820 1392 3893 virili
1410 3815 1545 3893 fuerint
1563 3815 1744 3917 amplexi,
1770 3819 1836 3895 hos
1855 3819 1953 3895 mul·

641 3935 684 3992 to
701 3923 767 3997 hac
785 3851 982 3996 ieliciorem
1002 3941 1144 3992 manere
1159 3917 1295 3989 vitam:
1319 3916 1377 3991 sed
1396 3936 1514 3990 tamen
1532 3918 1571 3990 in
1591 3915 1778 4017 praesentia
1797 3943 1887 4018 pene
1901 3919 1951 3992 ‘li-

641 4014 723 4093 beat
742 4020 996 4118 aliquantisper
1014 4010 1301 4112 rejuvenescere,
1319 4038 1391 4086 non
1411 4015 1459 4087 ob
1477 4015 1598 4111 aliud,
1617 4013 1681 4089 nifi
1701 4016 1799 4115 quod
1810 4018 1950 4093 videam

639 4113 827 4229 sueurum,
861 4135 903 4188 ut
936 4113 1148 4214 propediem
1172 4134 1321 4189 aureum
1345 4111 1727 4212 quoddam'Scculum
1754 4117 1950 4290 exoriprdur.

626 4254 631 4261 ·
1906 4236 1951 4288 eo
