4884 5042
1091 521 1103 528 ι

1122 567 1137 654 t
1152 560 1231 658 15·)

571 768 708 864 Surge,
734 761 861 859 furge,
889 778 925 833 te
943 755 1115 848 obsecro,
1140 757 1184 828 du
1202 737 1329 851 hochste
1347 759 1583 858 Wurdigkeit,

572 863 698 936 Clama
717 860 752 932 in
771 856 986 933 fortitudine
1002 881 1050 928 zu
1068 856 1148 926 Gott
1167 859 1230 926 mit
1247 855 1472 947 Hertzeleyd,

571 961 635 1034 Ne
654 959 718 1032 fiat
736 956 933 1030 insanabilis
957 956 1032 1028 dein
1041 951 1229 1050 schroklich
1243 955 1366 1049 groffer
1376 955 1515 1050 schlag,

570 1060 667 1150 Dic,
693 1055 856 1128 miserere
873 1055 1055 1145 Domine,
1080 1058 1142 1124 mit
1159 1050 1296 1126 wahrer
1314 1053 1390 1125 Reu
1407 1053 1475 1124 und
1491 1052 1593 1151 Klag.

568 1198 730 1292 Oportet
748 1195 884 1292 primus
902 1190 1041 1281 redeas,
1067 1215 1100 1262 es
1119 1216 1194 1287 mag
1213 1193 1305 1265 nicht
1324 1193 1442 1264 anders
1451 1192 1553 1284 fiyn,

571 1292 748 1388 Utplaces
766 1291 914 1387 posthac
934 1290 1158 1380 Dominum,
1184 1313 1239 1360 um
1256 1293 1320 1360 alle
1333 1289 1421 1378 fund
1435 1293 1504 1361 und
1514 1295 1603 1381 pein.

565 1389 671 1463 vNam
691 1412 772 1487 quae
790 1387 865 1484 spes
883 1385 950 1459 effe
969 1386 1105 1484 poterit
1130 1389 1189 1459 der
1207 1387 1345 1460 Gnaden
1363 1390 1458 1458 ubers
1476 1390 1515 1463 V
1513 1387 1603 1479 οἶά,

570 1488 611 1562 si
631 1487 672 1561 fis
690 1489 850 1585 ingratus
868 1486 1015 1557 domino
1033 1488 1092 1558 der
1107 1486 1168 1556 das
1185 1482 1346 1579 versunen
1355 1485 1450 1580 soll?

569 1624 728 1698 Rcsume
746 1624 952 1722 pastoralia,
979 1648 1027 1698 zu
1046 1624 1127 1695 Gott
1146 1623 1229 1695 kehr
1241 1640 1352 1720 gantz
1370 1624 1445 1694 dein
1460 1624 1573 1697 hertz.

570 1721 754 1820 Relinque
771 1720 899 1796 cuncta
915 1721 1002 1814 alia,
1028 1723 1159 1818 Konig,
1184 1719 1328 1815 Keyser,
1355 1722 1425 1793 Gur
1443 1725 1511 1794 und
1528 1721 1684 1799 Schertz.

570 1817 716 1892 Tecum
735 1845 819 1896 oves
839 1819 1014 1914 concilia,
1040 1821 1092 1891 die
1110 1821 1154 1890 du
1171 1821 1350 1910 verfuhret
1366 1819 1461 1911 hast,

570 1915 622 1989 Et
636 1919 797 2012 judicem
818 1942 1056 2016 praeoccupa,
1074 1915 1192 2011 schrey
1210 1941 1258 1989 zu
1276 1918 1348 1988 ihm
1356 1917 1439 2014 sehr
1456 1917 1525 1990 und
1531 1915 1618 2013 fast.
1636 1952 1639 1959 ’
1775 2003 1781 2014 ,

570 2053 670 2148 Dic,
697 2057 847 2132 nimium
867 2055 1084 2130 offendimus
1109 2057 1213 2130 durch
1232 2053 1367 2126 manche
1373 2051 1528 2142 schwere
1544 2053 1641 2127 Sund
1646 2102 1659 2144 ,

568 2151 635 2226 Tu
654 2155 786 2251 pietate
803 2156 961 2230 maxima
984 2158 1059 2229 dein
1077 2156 1162 2227 Lieb
1181 2158 1216 2226 in
1234 2175 1296 2224 uns
1311 2153 1484 2243 entzund,

571 2248 658 2325 Nec
676 2254 799 2327 reddas
814 2257 922 2351 juxta
939 2252 1092 2347 scelera,
1117 2255 1195 2349 zeig
1213 2273 1273 2324 uns
1290 2249 1342 2322 die
1355 2251 1501 2348 genadaen
1518 2247 1630 2339 bahn,

570 2346 624 2418 Et
641 2369 705 2418 nos
725 2351 829 2420 simul
849 2374 931 2423 cunr
951 2351 1080 2424 ovibus
1105 2355 1207 2423 nimm
1226 2348 1322 2419 Herr
1337 2352 1373 2420 in
1391 2349 1529 2422 Gnaden
1544 2371 1601 2418 an.

571 2475 658 2564 Nos
675 2478 792 2553 sumus
811 2483 873 2578 qui
890 2487 1142 2578 peccavimus,
1168 2489 1267 2570 dich,
1292 2490 1408 2576 Herr,
1432 2486 1526 2561 nicht
1543 2484 1637 2558 recht
1648 2484 1786 2583 geehrt‘,

571 2573 776 2674 Exemplo,
805 2575 903 2676 negli
931 2579 1047 2669 entia,
1073 2579 1185 2649 darzu
1202 2575 1262 2647 das
1281 2577 1322 2647 V
1318 2581 1386 2648 olck
1403 2583 1577 2652 verkehrt.

572 2671 642 2746 Tu
659 2671 754 2748 tensa
772 2676 852 2748 laxa
868 2600 1001 2748 viicera
1025 2675 1132 2747 dein’r
1142 2673 1294 2768 strengen
1316 2677 1548 2771 g'regtigkeit,

575 2771 797 2872 Cunstisque
815 2771 944 2872 praesta
961 2773 1101 2848 veniam
1126 2769 1232 2844 durch
1250 2769 1340 2842 deins
1359 2773 1488 2841 Creutz
1506 2771 1701 2846 Bitterkeit.

540 2977 542 2980 Α
651 2986 729 3061 Hic
747 2985 781 3060 se
798 2963 970 3061 vertit‘ad
990 2986 1134 3077 Deum,
1161 3005 1285 3072 orans,
1310 2997 1354 3053 ut
1371 2976 1443 3078 ipse
1461 2979 1498 3052 in
1517 2978 1717 3077 pastoribus

770 3085 935 3179 perficiat
960 3085 1004 3154 ad
1031 3084 1129 3180 quod
1157 3101 1239 3152 ante
1265 3080 1426 3153 hortatus
1451 3077 1529 3172 est,
1562 3082 1602 3155 &

837 3179 1039 3279 susceptum
1059 3177 1221 3252 officium
1240 3178 1389 3274 implere
1405 3177 1525 3249 faciat.

574 3307 696 3382 Corda
714 3307 799 3382 heus
818 3311 899 3408 quis
915 3312 1070 3410 aperiat,
1096 3312 1155 3383 der
1172 3310 1299 3403 ‚beugen
1316 3307 1609 3405 Priefierschafft,

573 3406 632 3480 Ut
650 3408 745 3482 intus
764 3410 835 3480 hoc
852 3411 1077 3506 percipiant,
1103 3407 1369 3501 infhnderbarer
1385 3407 1520 3501 Kraffr.

526 3587 529 3592 .
575 3503 639 3576 Tu
658 3505 850 3597 sola,-Dei
869 3508 1005 3603 pietas,
1029 3511 1083 3581 dir
1100 3507 1176 3600 drsz
1193 3507 1313 3578 alleine
1331 3507 1420 3597 kan,

469 3603 471 3606 ’
573 3604 760 3678 Prostratis
778 3628 867 3703 ergo
885 3606 1067 3680 mentibus
1090 3603 1283 3707 ruffeuauir
1300 3606 1421 3677 darum
1439 3628 1496 3678 an.

461 3796 469 3804 ,
577 3738 614 3809 ()
636 3739 758 3835 Deus,
784 3766 873 3840 quos
891 3743 929 3814 in
948 3742 1119 3842 gregibus
1137 3742 1212 3837 host
1229 3743 1357 3814 Hirten
1375 3742 1479 3834 lassen
1489 3739 1598 3840 seyn,

576 3835 620 3907 In
637 3861 697 3911 eos
715 3865 794 3913 rora
812 3840 961 3939 desuper
971 3846 1059 3915 vein
1077 3842 1364 3915 Gnademeichen
1382 3842 1513 3915 Schein.

575 3931 632 4005 Ut
649 3953 732 4008 toto
749 3940 857 4013 corde
875 3939 1046 4036 impleant
1071 3943 1185 4014 deinen
1198 3938 1381 4036 gotrlichen
1399 3942 1541 4021 Willen.
1568 3978 1572 3983 ·

579 4033 612 4099 A
631 4035 789 4111 recidivo
808 4038 983 4134 prohibe,
1006 4038 1092 4137 dasz
1102 4045 1152 4136 ſse
1168 4041 1244 4114 dein
1262 4038 1321 4110 W
1314 4055 1367 4113 ort
1382 4039 1535 4135 ersullerr.
1593 4053 1596 4058 ’
1653 4105 1669 4115 .,
