4884 5042
633 585 717 673 46·
854 567 1235 649 HISTORIA
1286 565 1719 648 EVANGELII

686 708 719 784 §.
737 693 871 768 XXV.
898 693 1099 768 Haecenim
1117 712 1226 793 atque
1241 692 1325 767 talia
1367 692 1445 767 lura
1459 695 1510 766 ita
1525 688 1593 765 effe
1604 713 1808 792 comparata
1826 719 1938 773 unus'·

637 797 786 891 quisque
808 791 907 865 videt
932 791 1072 886 omnia,
1103 811 1146 864 ut
1171 791 1196 865 li
1214 719 1381 878 wesselli
1390 789 1532 890 judicio
1548 813 1601 863 res
1619 793 1784 867 confeBra
1800 794 1938 892 fuiss'et,

631 893 707 990 jam
739 910 820 962 ante
850 889 958 962 Zwin
988 889 1074 961 lium
1101 890 1139 964 &
1163 889 1366 963 Lutherum
1417 912 1536 986 uoque
1552 887 1740 965 'Romanae
1765 891 1938 968 Ecclefiae

636 986 755 1062 fuisset
779 985 937 1085 suscepta
960 912 1217 1074 lleformatim
1231 987 1279 1081 (ι)
1312 986 1367 1060 uti
1391 913 1469 1058 iane
1491 1009 1566 1057 non
1591 984 1613 1059 d
1635 983 1746 1085 scopo
1772 992 1852 1088 quis
1875 991 1939 1067 de.-

635 1087 771 1177 viaret,
804 1085 864 1183 qui
889 1082 946 1156 vel
971 1082 1099 1157 abinde
1125 1085 1294 1196 Evangeli
1316 1083 1492 1176 rqlaurati
1514 1083 1799 1163 AURORAM
1822 1091 1860 1162 in
1884 1091 1940 1166 his

595 1226 598 1232 λ
635 1184 763 1257 nostris
788 1182 1023 1282 regionibus,
1057 1206 1138 1278 qua:
1165 1206 1345 1279 putrorem
1369 1181 1591 1256 imbiberunt
1615 1181 1843 1282 doctrinam,
1875 1189 1938 1264 de·

562 1320 566 1327 ·
636 1284 797 1375 rivaret,
838 1305 944 1378 quam
980 1299 1099 1351 tamen
1133 1279 1193 1352 hic
1230 1279 1391 1356 nondum
1423 1278 1562 1377 agimus
1593 1281 1745 1354 causam.
1813 1287 1939 1359 Caete·

635 1404 715 1453 rum
749 1377 1062 1456 Reformationem
1095 1400 1238 1451 morum
1268 1376 1420 1470 saltem,
1454 1380 1531 1475 jam
1565 1376 1603 1448 in
1631 1378 1734 1454 Urbe
1768 1381 1835 1455 hac
1868 1408 1936 1457 no·

636 1477 705 1549 stra
738 1476 975 1575 Groningana
1007 1479 1052 1548 A.
1078 1485 1182 1571 1469.
1215 1474 1368 1576 urgebat
1401 1479 1566 1548 Henricus
1593 1474 1936 1554 STUURMAN·

636 1574 833 1670 NUS‚(b)
869 1573 1065 1647 monachus
1079 1573 1359 1670 *Franciscanun
1383 1576 1487 1673 cujus
1506 1571 1603 1672 apud
1620 1574 1863 1673 gracillimum
1881 1578 1941 1651 hi·

535 1678 544 1692 ‘
636 1673 806 1745 storicum
834 1669 1031 1745 Ubbonem
1062 1672 1248 1749 Emmium
1275 1671 1449 1747 recolitur
1472 1672 1677 1766 memoria,
1716 1675 1850 1773 quique
1876 1677 1942 1750 Se·

635 1790 758 1841 natum
795 1770 928 1842 dicitur
960 1765 1109 1861 adiiffe,
1145 1771 1377 1868 quaestusque
1400 1766 1503 1842 fuiffe
1529 1769 1574 1839 dc
1603 1771 1840 1866 corrupriffimis
1865 1777 1939 1844 Col·

633 1869 710 1962 legii
733 1869 893 1938 cucullati
916 1863 1083 1951 moribus,
1114 1866 1396 1961 ostendiffeque,
1426 1863 1681 1934 reformatione
1702 1868 1853 1937 omnino
1868 1867 1940 1941 ell'e

636 1985 750 2058 opus,
780 1960 944 2059 quando,
979 1961 1192 2034 Senatus&
1218 1984 1324 2030 xxiv.
1346 1960 1520 2031 Virorum
1547 1956 1717 2051 decreto,
1752 1958 1941 2057 disciplina

636 2057 850 2152 monastica,
882 2078 986 2154 quam
1009 2054 1155 2128 licentia
1177 2071 1414 2151 corruperat,
1446 2075 1491 2124 ex
1514 2050 1681 2126 instituto
1704 2055 1858 2131 audloris
1883 2053 1940 2134 arss

634 2151 728 2229 ilion
753 2154 804 2228 est
830 2154 1013 2246 restituta,
1044 2147 1254 2251 obsequium
1270 2147 1497 2225 a‘cucullatis
1514 2149 1747 2248 promilsum,
1776 2155 1941 2254 habitus,

505 2298 509 2303 -
636 2260 710 2348 quo
733 2249 847 2326 solent
872 2253 927 2325 uti
945 2248 1080 2349 regulae
1098 2248 1348 2343 observantes,
1378 2249 1421 2322 iis
1436 2246 1561 2339 datus,
1595 2251 1822 2327 mendicandi
1838 2257 1942 2333 insti·.

469 4074 521 4149 ³²
647 4131 864 4215 romu

635 2367 755 2422 tutum
783 2352 819 2424 in
845 2348 946 2423 usum
973 2345 1191 2443 reductum,
1225 2368 1475 2446 procuratores
1502 2348 1540 2421 &
1566 2357 1670 2441 toqn
1693 2351 1787 2425 colle
1815 2353 1851 2425 io
1867 2354 1942 2437 dati

635 2470 681 2520 ex
708 2448 808 2521 civili
833 2446 987 2544 ordine,
1053 2447 1091 2519 ui
1122 2445 1321 2547 disciplinae
1350 2444 1578 2519 firmamento
1603 2443 1744 2543 client,
1779 2376 1944 2528 dominus

633 2546 823 2641 Dulclqius,
845 2545 1007 2643 Johannes
1019 2472 1187 2646 liangerm
1202 2545 1428 2639 διῴκηκε,
1450 2543 1755 2639 NicolausSculro,
1780 2552 1945 2624 Mecinus

635 2648 786 2719 Alendus.
835 2645 1014 2746 Nequitia
1032 2646 1237 2720 Monostica
1250 2644 1457 2744 aliquandiu
1473 2640 1672 2741 comprella
1689 2645 1762 2718 &c

664 2828 668 2835 ,
684 2745 755 2820 Sed
775 2746 836 2841 bt,
853 2744 951 2845 quod
969 2743 1078 2844 ipsam
1096 2743 1237 2820 adtinet
1251 2742 1490 2834 Doctrinam,
1514 2742 1554 2815 &
1571 2739 1668 2813 illam
1679 2743 1892 2915 cumprimis
1900 2744 1946 2823 de

636 2841 900 2945 indulgentiis,
933 2843 1083 2919 relatum
1108 2843 1203 2920 inter
1228 2841 1357 2918 Testes
1378 2841 1540 2933 veritatis
1559 2839 1714 2938 legimus
1731 2840 1767 2915 su
1811 2846 1946 2936 princi·

637 2943 736 3039 pium
763 2943 883 3017 Seculi
900 2967 979 3015 xvr.
1004 2969 1049 3018 ex
1076 2941 1292 3017 monasterio
1314 2941 1436 3012 nostro
1462 2940 1703 3027 Groningano
1719 2939 1962 3039 ,monachum

637 3040 812 3134 quendam
834 3041 1070 3125 Minoritam,
1093 3039 1265 3128 grandem
1283 3032 1477 3132 admodum
1497 3045 1601 3111 natu,
1628 3047 1775 3095 nomine
1792 3030 1947 3105 TlLE.

639 3135 763 3204 MAN
774 3133 906 3202 NUM
919 3154 928 3198 ι
940 3131 991 3216 (c)
1019 3131 1054 3198 Is
1074 3127 1215 3196 cuidam
1234 3122 1330 3212 civi,
1352 3138 1498 3192 nomine
1514 3122 1611 3187 Hans
1620 3119 1776 3212 Ludele,
1800 3125 1838 3197 in
1855 3153 1944 3201 con.

639 3225 780 3300 felfione
796 3221 978 3322 querenti,
1000 3220 1095 3291 sunm
1115 3216 1368 3292 conscientiam
1387 3214 1506 3289 nescio
1521 3214 1650 3312 quibus
1667 3218 1854 3298 hominum
1874 3247 1946 3300 tra·

533 3333 534 3337 ’
639 3318 836 3396 ditionibus
863 3318 1082 3418 implicatam
1109 3317 1241 3389 teneri:
1274 3312 1477 3414 respondit:
1504 3366 1532 3407 „
1552 3313 1675 3388 Multa
1689 3316 1780 3415 effe,
1805 3349 1886 3421 quae
1901 3326 1946 3399 de

637 3444 721 3516 „ea
746 3419 892 3492 materia
915 3415 990 3490 dici
1009 3431 1216 3515 oporteret,
1249 3411 1307 3486 l‘ed
1332 3436 1405 3486 non
1430 3411 1498 3486 effe
1516 3409 1680 3487 liberum.
1734 3420 1942 3498 Maximum

638 3521 777 3616 „enim
803 3515 870 3592 elie
893 3514 1095 3619 periculum
1120 3513 1309 3587 veritatem
1331 3510 1479 3584 dicenti.
1531 3510 1601 3586 Sed
1622 3532 1840 3589 tamencum
1861 3519 1942 3595 bre·

1808 3668 1835 3709 ‚‚
1851 3620 1944 3692 viter

679 3797 727 3878 (a)
749 3795 868 3880 Quanti
883 3790 1062 3862 Wess'elum
1079 3793 1187 3860 fecerit
1202 3785 1433 3860 ERASMUS
1449 3808 1486 3855 ex
1503 3799 1656 3873 copatet,
1676 3789 1762 3874 quod
1779 3793 1818 3859 ad
1834 3794 1943 3864 fratres
2052 3867 2056 3875 ,

639 3880 750 3949 Germ.
771 3880 878 3946 ini&
907 3879 1007 3946 Ftilia
1031 3878 1201 3945 orientalis
1224 3878 1387 3953 lenberet‚
1415 3876 1440 3940 is
1463 3876 1505 3953 ita
1525 3873 1605 3938 inter
1628 3873 1698 3940 alia.
1743 3872 1786 3940 D.
1809 3877 1946 3964 Weffelu

470 3954 544 4023 ‘··²²
571 3953 580 4034 ἶ
636 3964 918 4033 matriniacum
939 3960 1068 4037 Latbero
1087 3967 1268 4042 conmunire,
1288 3962 1344 4044 sed
1356 3972 1463 4050 quanto
1473 3956 1671 4042 christianius
1686 3961 1944 4047 amodestustlle

492 4063 521 4086 ”
544 4078 569 4097 “
633 4047 1011 4205 nnmesuqng
1030 4069 1102 4196 '‘lr.
1115 4041 1735 4215 llltlllal‘lt‘b„nna.

649 4235 654 4243 ·
680 4220 730 4300 (c)
754 4217 816 4282 vid.
834 4216 965 4285 tunc.
982 4214 1086 4283 Caral.
1103 4216 1169 4283 tell.
1189 4214 1288 4282 verit.
1303 4212 1345 4281 1..
1355 4229 1417 4281 nx.
1434 4229 1463 4295 p.
1473 4225 1548 4297 903.
1559 4228 1633 4295 904.
