4884 5042
1132 564 1145 652 (
1166 492 1244 638 ido.
1260 563 1275 646 l

563 712 637 799 tio,
681 709 955 807 uantulacunqoe
973 733 1012 781 ea
1031 707 1101 797 est,
1130 733 1245 806 parere
1263 708 1592 805 suberbiamtmentis
1610 707 1854 807 quibusdam:

561 827 595 877 at
621 831 665 876 no
693 811 719 877 is
746 805 966 877 humilitatem
986 806 1021 875 ὃ(
1046 806 1242 874 modestiam
1266 807 1338 876 haec
1354 806 1492 874 novar-20
1510 804 1636 872 iilerat.
1688 800 1752 879 Ne
1765 819 1854 893 quis

564 897 640 972 inde
658 899 757 987 alios,
779 897 840 1003 qui
860 900 951 969 hunc
969 921 1097 968 morem
1117 922 1185 967 non
1202 897 1396 985 observant,
1417 899 1470 967 vel
1492 896 1735 978 observarunt,
1757 915 1853 962 con·

563 1011 708 1080 temnat,
727 994 877 1089 judicet,
898 1011 1032 1088 arguat,
1057 1015 1098 1062 nc
1119 992 1196 1086 quis
1212 1014 1386 1090 propterea
1403 991 1495 1061 clero
1514 989 1783 1073 obmurmuret,
1805 1008 1854 1057 ne

563 1089 641 1180 quis
656 1087 824 1158 charitatis
841 1089 975 1156 vincula
991 1107 1134 1180 rumpat.
1178 1084 1232 1155 De
1247 1088 1338 1155 dono
1350 1084 1466 1156 habete
1478 1084 1615 1179 gratiam
1629 1080 1800 1166 Chrillo,
1825 1078 1854 1151 fi

564 1179 641 1268 hic,
673 1181 725 1251 vel
747 1178 826 1250 alibi
850 1179 991 1276 lingua,
1015 1203 1117 1272 quam
1141 1177 1345 1275 intelligitis,
1367 1178 1465 1249 vobis
1490 1181 1649 1271 loquatur
1666 1173 1855 1244 Christus.

565 1274 625 1345 Sin
637 1274 748 1358 aliter,
769 1295 806 1344 ut
819 1271 994 1357 hactenus,
1008 1270 1197 1370 contingat,
1218 1296 1260 1342 ne
1272 1271 1338 1344 sitis
1349 1271 1495 1366 cuipiam
1511 1268 1659 1353 molesti,
1680 1266 1738 1337 sed
1751 1287 1857 1339 orate

566 1366 776 1452 Dominum,
797 1388 835 1436 ut
849 1365 904 1437 sua
917 1365 1013 1435 vobis
1026 1364 1128 1436 verba
1142 1365 1281 1437 revelet:
1304 1390 1346 1435 ne
1358 1365 1488 1436 claudat
1503 1366 1600 1458 supet
1613 1385 1676 1432 vos
1687 1362 1854 1450 calum,

566 1464 611 1534 ita
629 1483 667 1533 ut
685 1459 723 1530 sit
741 1483 896 1544 aeneum,
924 1460 960 1530 ὅ(
982 1459 1089 1531 nubes
1110 1457 1231 1530 sindlae
1245 1459 1389 1530 imbrem
1406 1483 1444 1529 ac
1463 1455 1628 1529 stillicidia
1639 1454 1864 1527 divinorum·
1899 1463 1906 1475 “

566 1555 783 1651 eloquiorum
803 1555 902 1648 super
919 1577 978 1622 vos
1002 1578 1070 1624 non
1089 1553 1223 1648 pluant:
1250 1574 1359 1640 orate,
1386 1553 1495 1622 mittat
1510 1549 1683 1646 operarios
1705 1550 1741 1618 in
1761 1546 1857 1620 mes·

567 1651 653 1721 sem:
678 1665 787 1733 orate,
813 1671 854 1715 ne
866 1644 970 1717 desint
983 1646 1185 1743 interpretes.
1227 1646 1381 1719 Charitas
1392 1643 1468 1716 sane
1481 1647 1635 1733 vultsne
1646 1639 1858 1736 efferamur,

568 1743 592 1814 si
611 1743 751 1814 feliciter
768 1739 943 1812 nobiscum
963 1755 1102 1838 agatur:
1127 1743 1161 1812 ὅ(
1180 1764 1222 1812 ne
1239 1765 1357 1838 graves
1374 1740 1493 1823 fimus,
1515 1739 1565 1808 his
1583 1736 1711 1834 quibus
1729 1736 1855 1812 minus

565 1838 681 1908 datum
697 1835 755 1904 est.
805 1833 960 1907 Charitas
972 1836 1084 1906 omnia
1096 1835 1128 1903 in
1140 1834 1301 1929 optimam
1315 1855 1440 1929 partem
1456 1835 1702 1927 interpietatur.
1728 1832 1856 1926 ltaque

567 1930 739 2001 abundent
750 1928 804 1997 alii
819 1927 849 1997 in
862 1926 953 1998 sensu
968 1928 1038 2000 suo.
1088 1929 1167 2000 Nos
1180 1950 1248 1998 non
1262 1927 1356 1999 valde
1376 1929 1466 1998 anxii
1480 1926 1614 2013 sumus,
1660 1922 1721 1994 uid
1735 1945 1856 2018 patres

569 2021 737 2108 moverit,
763 2021 858 2117 quod
914 2046 947 2091 re
974 2022 1046 2092 rino
1058 2022 1214 2093 idiomate
1226 2021 1417 2093 maluerunt
1428 2020 1515 2092 sacta
1530 2021 1613 2118 legi:
1634 1948 1793 2090 livehoc
1806 2021 1859 2095 ob

568 2115 811 2212 simplicitatem
827 2171 836 2198 ‚
870 2138 925 2184 ire
936 2045 982 2183 db
997 2113 1314 2186 incommoditatem
1327 2114 1580 2187 introductum:
1603 2135 1661 2185 aut
1674 2113 1775 2206 quod
1790 2139 1856 2210 pa·

568 2234 646 2281 ruin
666 2207 800 2279 canticis
817 2227 913 2300 aptus
930 2209 1010 2277 olitn
1029 2207 1131 2280 fuerit
1147 2207 1254 2279 sermo
1269 2208 1414 2305 patrius,
1437 2232 1473 2278 ur
1501 2233 1556 2280 ote
1567 2232 1686 2306 patum
1700 2207 1858 2300 nitidus,

569 2305 606 2377 δί
624 2305 684 2400 qui
701 2300 748 2371 ob
766 2298 950 2371 barbariem
970 2305 1028 2373 viii
1047 2301 1144 2374 scribi
1164 2301 1292 2399 potuit:
1318 2324 1377 2374 aut
1399 2235 1499 2398 quod
1510 2307 1543 2375 in
1562 2305 1691 2400 magnis
1709 2304 1858 2398 templis

569 2397 617 2469 ob
628 2399 769 2469 advertas
790 2396 1009 2501 peregrinor,
1039 2398 1161 2469 Latina
1179 2397 1293 2497 lingua
1309 2397 1490 2485 illustrior,
1509 2400 1545 2470 ὅ(
1559 2397 1758 2468 communis
1770 2422 1859 2493 pro-

569 2496 678 2580 derat,
703 2509 741 2560 ut
752 2511 850 2560 etiam
863 2491 1083 2565 orientalibus
1093 2493 1219 2564 Graeca
1244 2493 1355 2564 autin
1374 2493 1438 2564 hoc
1451 2494 1510 2563 Ma
1537 2491 1668 2562 natibus
1686 2513 1860 2566 nonnun-

570 2583 981 2683 quamestgiatificatum.
1035 2587 1115 2659 Nos
1126 2587 1231 2686 magis
1241 2595 1394 2660 veterum
1408 2517 1565 2659 candidos
1576 2608 1702 2672 mores,
1729 2591 1861 2661 arden-

568 2698 636 2755 tem
655 2680 779 2765 fidem,
799 2680 949 2775 sequacia
967 2683 1003 2753 ὅ(
1019 2680 1206 2755 obedientia
1222 2682 1379 2779 pociora,
1397 2679 1586 2753 facilitatem
1604 2681 1641 2751 &
1662 2679 1858 2754 sanctimo-

570 2777 657 2848 niam
670 2775 892 2847 admiremur:
918 2773 988 2846 imo
999 2777 1180 2849 imitemur.
1229 2778 1402 2862 Tantum,
1424 2797 1588 2870 quantum
1601 2774 1642 2844 ad
1660 2773 1695 2845 id
1712 2778 1860 2873 negocii

569 2872 696 2957 attinet,
723 2892 766 2940 ne
776 2868 1138 2964 despicianturrlnobis
1149 2869 1219 2959 alii,
1242 2870 1311 2942 sive
1323 2869 1596 2967 superioris‚sive
1612 2867 1717 2940 nostri
1735 2870 1860 2945 seculi.

572 2962 718 3057 Sequuti
731 2968 807 3035 lunt
817 2966 865 3034 illi
878 2986 916 3034 ea
930 2988 1009 3058 quae
1023 2964 1083 3035 fibi
1094 2966 1283 3037 conducere
1300 2967 1367 3036 visa
1385 2965 1478 3036 sunt:
1507 2984 1616 3060 neque
1628 2961 1859 3058 praescribere

573 3077 759 3154 potuerunt
778 3057 975 3150 posteritati,
998 3078 1036 3127 ut
1056 3058 1089 3129 id
1108 3058 1218 3154 ipsum
1236 3079 1415 3156 cogeretur
1431 3058 1549 3132 lacere.
1601 3056 1775 3130 Liberum
1791 3061 1858 3159 igi·

572 3173 629 3224 tui·
646 3151 692 3222 est
713 3150 749 3221 ὅ(
767 3148 865 3221 nobis
885 3149 1018 3238 seclari,
1066 3176 1258 3250 uaecunque
1272 3153 1448 3226 animabus
1463 3153 1585 3226 nostris
1601 3153 1757 3224 maxime
1773 3179 1859 3251 pro·

573 3245 662 3317 sunt.
713 3243 759 3313 Et
784 3245 849 3315 hoc
870 3243 940 3328 est,
968 3269 1015 3342 qu
1083 3246 1236 3344 praesenti
1256 3247 1428 3337 sermone,
1459 3269 1498 3321 ut
1519 3259 1581 3319 v'os
1609 3248 1858 3340 admonerem,

570 3336 662 3447 jussit
680 3337 837 3411 charitas:
861 3361 903 3408 ne
919 3338 1045 3413 sortesi
1065 3363 1215 3439 repente,
1236 3344 1273 3416 &
1286 3365 1407 3441 praeter
1417 3342 1684 3439 expectationem
1704 3343 1777 3416 hoc
1800 3370 1861 3417 me

573 3457 671 3531 agere
685 3432 858 3522 videretis,
876 3432 1002 3505 sinislra
1015 3435 1169 3532 subrepat
1181 3437 1360 3533 cogitatio:
1412 3437 1509 3526 Quid
1523 3438 1577 3510 hi'c
1589 3436 1668 3506 novi
1681 3439 1858 3512 molitur?

574 3552 636 3608 cui·
649 3552 717 3598 non
729 3551 822 3600 more
857 3551 1009 3601 arentum
1024 3530 1217 3601 nostrorum
1231 3555 1292 3602 nos
1306 3532 1464 3626 relinquit
1477 3529 1699 3627 simplicitati?
1724 3556 1771 3603 an
1785 3558 1860 3606 non

521 3640 523 3644 ’
577 3633 607 3695 &
628 3621 683 3693 alii
704 3620 803 3694 bonae
820 3555 927 3728 dagis
950 3621 1130 3694 sacerdotes
1149 3623 1247 3696 sunt?
1298 3625 1773 3723 Excludite¹hoscogitatus‚
1796 3629 1863 3701 de.

574 3716 690 3809 pellite
707 3718 780 3789 haec
799 3718 901 3790 hostis
915 3713 1055 3810 jacula,
1080 3739 1122 3788 ne
1139 3716 1236 3789 facite
1254 3733 1298 3788 cx
1316 3719 1468 3790 antidoto
1486 3741 1666 3791 venenum.
1719 3722 1862 3797 lnvidet

573 3811 673 3893 vobis
691 3813 756 3881 anti
785 3835 849 3882 uus
868 3810 998 3903 serpens
1019 3808 1104 3883 hane
1124 3811 1324 3883 felicitatem.
1376 3811 1862 3888 Niliilei'molestiuscontin-

575 3916 655 4007 gete
674 3836 804 4011 potell,
829 3924 931 3997 quam
953 3904 1034 3973 dom
1055 3903 1324 4000 sacraScriptura
1342 3903 1385 3977 ita
1400 3905 1547 4003 legitur,
1576 3928 1614 3978 ut
1630 3906 1673 3978 ab
1689 3909 1863 3985 omnibus

575 4000 791 4100 intelligatur.
842 3999 936 4071 Natu
950 3996 1162 4097 simulatque
1174 4002 1329 4075 buccinae
1340 4001 1461 4075 hatum
1473 4001 1633 4075 tubarum
1646 4002 1864 4096 clanxerint,

568 4122 576 4151 ‘
745 4173 749 4178 ,
1783 4123 1867 4174 mu·
