4884 5042
1103 524 1238 657 (tto)

534 709 615 808 post
637 710 757 782 harum
771 702 1056 804 publicationem,
1073 701 1288 799 ubicumque
1306 699 1449 789 luerint,
1462 702 1532 800 ‘per
1551 700 1795 793 ordinarios,
1816 705 1849 779 dt
1909 730 1914 779 t

540 807 623 878 alios
642 804 849 896 supradictos
875 800 1053 904 diligenter
1069 795 1232 892 quaelita,
1263 797 1400 889 publice
1427 796 1675 871 &solenniter
1696 801 1736 871 in
1765 824 1850 893 ptae·

1908 814 1913 858 p

1908 864 1912 895 l

544 896 648 970 semia
660 899 805 971 Cleri&
828 894 969 991 populi,
998 890 1062 964 l'ub
1079 888 1240 963 omnibus
1257 892 1293 963 ὃ(
1317 890 1458 991 fingulis
1480 892 1699 990 supradietis
1720 899 1850 991 poenis,
1907 932 1910 982 3

541 991 757 1064 comburant.
1640 1015 1645 1025 “
1814 1033 1838 1064 2
1910 996 1911 1000 ’

594 1080 700 1175 Quod
720 1110 803 1157 vero
820 1081 860 1154 ad
881 1080 991 1179 ipsum
1011 1088 1201 1152 Martinam
1224 1080 1362 1171 attinet,
1384 1082 1475 1155 boue
1492 1083 1615 1187 Deus,
1643 1084 1741 1179 quid
1766 1110 1849 1182 prae·

460 1205 465 1211 ·
545 1180 769 1267 termilimus,
797 1178 881 1273 quid
903 1202 972 1248 non
990 1176 1156 1265 fecimus,
1177 1176 1263 1271 quid
1284 1197 1429 1270 patemae
1450 1178 1623 1249 charitatis
1641 1179 1847 1268 omifimus,

547 1295 588 1348 ut
606 1300 685 1347 cum
708 1274 750 1346 ab
767 1272 961 1370 hujusmodi
978 1270 1150 1341 erroribus
1167 1270 1434 1343 revocaremus?
1458 1272 1651 1365 Postquam
1672 1278 1773 1345 enim
1800 1277 1849 1370 ip-
1913 1355 1914 1359 Ἰ

545 1369 621 1442 sum
647 1370 848 1455 citavimus,
874 1366 989 1437 mitius
1006 1389 1086 1436 cum
1104 1389 1145 1436 eo
1162 1366 1345 1459 procedere
1363 1365 1533 1454 volentes,
1555 1366 1661 1437 illum
1683 1370 1849 1441 invitavi·

491 1491 496 1494 ·
545 1487 644 1552 mus,
673 1484 775 1559 atque
800 1482 867 1533 tam
889 1485 948 1557 per
968 1458 1117 1530 diversos
1139 1458 1321 1546 tradimus,
1347 1484 1428 1532 cum
1453 1461 1736 1556 Legatonostro
1754 1464 1845 1536 habi·
1913 1512 1915 1515 -

546 1578 618 1642 tos,
643 1581 745 1652 quam
765 1581 824 1653 per
849 1556 970 1629 litteras
991 1554 1119 1625 nollras
1144 1552 1268 1625 hortati
1284 1552 1432 1644 fuimus,
1455 1575 1492 1626 ut
1509 1556 1530 1626 a
1546 1556 1734 1650 praedietis
1756 1583 1848 1644 erto·

548 1652 644 1726 tibus
668 1652 864 1739 discederet,
890 1670 949 1721 aut
969 1648 1009 1719 ad
1027 1673 1109 1735 nos,
1131 1646 1249 1719 oblato
1265 1648 1363 1720 etiam
1386 1650 1478 1720 salvo
1496 1648 1701 1739 conduciu,
1726 1653 1767 1725 ὃ(
1790 1678 1846 1750 pe·

547 1747 647 1820 cunia
664 1746 705 1817 ad
718 1746 779 1818 iter
792 1744 982 1829 necell'aria,
1004 1742 1071 1816 fine
1089 1763 1182 1813 metu
1200 1740 1256 1814 seu
1269 1743 1389 1815 timore
1398 1744 1533 1840 aliquo,
1557 1767 1667 1838 quem
1690 1747 1846 1841 perlecta
1891 1793 1895 1801 ·

546 1841 688 1915 charitas
701 1839 787 1912 foras
802 1841 931 1911 mittere
944 1835 1078 1926 debuit,
1100 1837 1251 1925 veniret,
1271 1860 1310 1908 ac
1327 1837 1508 1909 Salvatoris
1524 1838 1634 1910 nostri
1655 1842 1846 1937 Apostoli.
1913 1890 1914 1893 ,

548 1959 616 2031 que
635 1935 732 2005 Pauli
743 1936 916 2030 exemplo,
943 1955 1011 2004 non
1027 1931 1060 2002 in
1078 1931 1236 2018 occulto,
1257 1930 1312 2004 sed
1330 1930 1438 2027 palam
1459 1933 1495 2003 ὃ(
1515 1932 1549 2003 in
1567 1932 1655 2006 facie
1682 1934 1844 2033 loquere·

549 2049 616 2102 tur.
666 2028 773 2120 Quod
791 2029 816 2101 st
836 2027 983 2110 fecissm,
1006 2051 1070 2121 pro
1086 2047 1179 2098 certo
1193 2033 1247 2111 (ut
1274 2025 1491 2115 arbitramur)
1508 2027 1549 2099 ad
1572 2051 1637 2099 cor
1659 2031 1845 2122 reversus,

548 2144 677 2194 errores
700 2130 776 2195 luos
803 2120 1033 2219 cognovillet:
1062 2144 1124 2193 nec
1147 2144 1179 2192 tn
1200 2122 1356 2192 Romana
1376 2121 1499 2209 Curia,
1514 2145 1620 2215 quam
1642 2142 1844 2223 tantopere,

550 2218 643 2287 uanis
666 2215 913 2289 malevolorum
932 2214 1129 2287 rumoribus
1148 2215 1329 2310 plusquam
1347 2215 1501 2312 oportuit
1516 2214 1727 2310 tribuendo,
1753 2223 1844 2295 vitu·

548 2333 659 2407 perat,
681 2330 730 2382 tot
752 2311 918 2407 reperiffet
930 2329 1052 2382 errata:
1075 2309 1371 2406 docuiffiemusque
1385 2334 1466 2382 eum
1485 2311 1561 2383 luce
1584 2310 1741 2404 clarius,
1763 2316 1846 2390 San.

547 2404 623 2480 dios
649 2408 824 2478 Romanos
851 2402 1051 2492 Pontifices,
1067 2405 1480 2499 praedecelloresnostros,
1502 2429 1601 2502 quos·
1617 2429 1755 2502 praeter
1770 2435 1844 2484 otn-

544 2525 622 2573 nem
646 2500 839 2573 modestiam
861 2498 1017 2598 injuriose
1039 2499 1174 2588 lacerat,
1196 2500 1231 2570 in
1250 2497 1315 2572 suis
1332 2500 1551 2588 Canonibus,
1574 2498 1632 2571 seu
1652 2501 1846 2579 Constitu·

547 2593 714 2684 tionibus,
736 2620 821 2691 quas
842 2596 996 2667 mordere
1019 2593 1155 2684 nititur,
1176 2617 1364 2690 numquam
1382 2593 1517 2667 errasse:
1542 2594 1749 2693 quiajuxta
1793 2626 1847 2672 ro·

527 2690 703 2787 phetam,
728 2718 783 2763 nec
805 2699 838 2763 in
861 2692 989 2763 Galaad
1009 2694 1130 2781 refimr,
1154 2717 1210 2761 nec
1231 2691 1382 2780 ‘medicus
1413 2691 1505 2783 deest.
1558 2689 1625 2762 Sed
1652 2626 1847 2774 obaudivit

545 2783 696 2882 semper,
718 2787 754 2858 &
783 2783 944 2883 praedista
966 2784 1141 2871 citatione,
1166 2784 1396 2881 omnibusque
1418 2785 1455 2857 ὅ(
1472 2785 1518 2859 fin
1546 2785 1611 2855 ulis
1629 2783 1847 2882 supradietis

545 2883 663 2978 spretis
687 2880 799 2953 venire
817 2878 1039 2977 contempfit‚
1065 2904 1103 2950 ac
1120 2883 1229 2975 ulque
1246 2879 1281 2950 in
1301 2878 1497 2975 praesentem
1516 2808 1605 2952 diem
1626 2905 1844 2982 contumax,

545 2996 648 3070 atque
660 2976 774 3046 animo
784 2975 957 3064 indurato,
978 2974 1148 3064 censuras,
1170 2974 1257 3045 ultra
1269 2997 1396 3044 annum
1409 2973 1564 3046 sustinuit
1571 3008 1586 3057 ,-
1606 2973 1769 3070 &quod
1788 2984 1846 3054 de.

547 3071 650 3140 terius
672 3070 736 3157 est,
758 3072 881 3141 addens
901 3070 985 3140 mala
1005 3067 1121 3156 t'ualis,
1142 3070 1184 3140 de
1205 3068 1362 3141 citatione
1385 3065 1579 3165 hujusmodi
1597 3069 1770 3145 notitiam
1789 3076 1846 3148 lta.

547 3160 641 3247 bens,
671 3164 835 3234 invocem
855 3167 1037 3233 temerariae
1047 3163 1279 3258 appellationis
1297 3187 1473 3259 Prorupit,
1496 3163 1537 3235 ad
1554 3161 1846 3243 futurumCon.

546 3253 688 3341 cilium,
712 3277 828 3327 contra
848 3257 1133 3329 Constitutionetn
1160 3259 1213 3330 Pii
1237 3260 1280 3329 ll.
1305 3283 1344 3330 ac
1362 3259 1447 3350 Julii
1468 3258 1510 3330 ll.
1534 3256 1848 3367 predecellbrum‚

546 3351 759 3436 nostrorum,
782 3373 850 3445 qua
866 3374 1019 3441 cavetur,
1045 3353 1153 3424 taliter
1168 3350 1372 3452 appellantes
1385 3352 1614 3426 hereticorum
1635 3377 1751 3447 poena
1772 3360 1845 3456 ple.

546 3441 708 3531 dendus,
739 3446 877 3521 Frttllra
904 3449 1002 3521 etiam
1033 3448 1186 3528 Concilii
1211 3446 1378 3519 auxilium
1406 3445 1625 3545 imploravit,
1648 3452 1715 3543 qui
1733 3453 1847 3539 illise
1923 3530 1924 3545 ,

546 3563 615 3613 non
630 3540 763 3613 credere
776 3543 881 3638 palam
901 3542 1098 3638 profitetur:
1128 3542 1170 3613 ita
1184 3562 1349 3615 utcontra
1371 3542 1504 3640 ipsum,
1536 3561 1716 3636 tamquam
1733 3548 1782 3621 de
1802 3549 1845 3622 fi.

546 3636 589 3713 de
601 3635 730 3705 notorie
744 3636 953 3731 suspectum,
979 3639 1049 3707 imo
1067 3661 1145 3708 vete
1164 3637 1382 3724 hereticum,
1402 3637 1531 3733 absque
1547 3635 1708 3709 ulteriori
1725 3642 1843 3717 citati-

544 3755 611 3809 one
630 3728 683 3801 vcl
707 3754 830 3819 mora,
842 3732 881 3802 ad
895 3730 1207 3806 condemnationem
1228 3733 1264 3804 &
1277 3733 1524 3803 damnationem
1536 3732 1625 3828 ejus,
1651 3751 1843 3831 tamquam

431 3904 435 3924 ,
546 3823 714 3913 haretici,
731 3827 825 3897 acad
843 3826 998 3897 omnium
1023 3826 1059 3898 ὅ(
1084 3824 1293 3925 singularum
1322 3825 1620 3934 suprascriptarum
1645 3849 1844 3920 poenarum

545 3918 807 3994 &ccnliirarum
841 3918 1044 3993 severitatem
1080 3924 1261 4015 procedere
1291 3920 1470 4020 pollemus.
1526 3919 1778 3998 Nihilominus
1799 3929 1845 4003 de

544 4018 730 4092 eorundem
756 4014 917 4091 Fratrum
934 4016 1128 4090 nostrorum
1147 4016 1310 4110 confilio,
1337 4015 1592 4117 Omnipotentis
1607 4013 1678 4089 Dei
1696 4017 1844 4095 imitan-

1788 4134 1845 4193 tet
