4884 5042
561 619 639 672 «τοι
785 586 1167 666 HISTORIA
1217 582 1661 664 EVANGELII

559 712 769 804 ‚eonfell‘us,
798 710 837 786 se
861 711 1056 788 abeodem
1077 711 1380 803 Wittenbachio,
1414 710 1571 808 primum
1592 710 1784 808 edodium,
1818 718 1874 795 in,-

570 809 764 901 tellexille,
782 810 829 904 (a)
865 814 984 906 Jesum
1006 808 1172 902 Christum
1195 808 1319 881 nobis-i
1334 805 1610 902 Parrejustirr'am
1627 814 1875 906 &fhrisfailie-

568 935 640 980 nem
665 932 731 1003 pro
756 911 912 1002 peccatis
935 909 1060 981 mundi
1081 903 1218 979 laeum
1244 906 1325 980 elle.
1376 907 1475 979 Urbs
1492 907 1709 1003 Glaronensts,
1735 938 1874 1011 oppor-

570 1024 701 1078 tunum
735 1005 787 1076 illi
821 1005 866 1078 ad
901 1005 1135 1079 ministerium
1160 1003 1297 1078 sacrum
1323 1002 1482 1102 praebuit
1507 1005 1676 1101 aditum,
1718 1033 1874 1109 eumque

565 1104 642 1202 jam
668 1101 752 1175 inde
772 1101 816 1176 ab
843 1105 890 1175 A.
906 1112 1010 1200 1506.
1031 1100 1157 1174 habuit
1182 1102 1490 1177 concionatorem
1515 1104 1566 1175 ita
1587 1103 1724 1179 dietum
1748 1109 1897 1206 pleba··

569 1224 680 1293 num,
713 1200 876 1300 legitime
890 1216 1083 1293 vocatum,
1114 1223 1185 1298 qua
1201 1199 1239 1274 in
1255 1197 1440 1274 funetione
1459 1201 1487 1273 is
1505 1226 1571 1299 per
1589 1202 1772 1303 integrum
1789 1228 1875 1279 ver·

563 1296 663 1373 >satus
702 1297 754 1373 est
791 1295 1034 1389 decennium,
1083 1316 1192 1395 atque
1226 1318 1311 1372 tum
1341 1299 1589 1374 cummaxime
1620 1301 1722 1376 verbi
1759 1303 1877 1378 divini

564 1393 718 1471 ⁴scientia
738 1397 776 1471 ὅ(
798 1394 979 1468 literarum
1005 1394 1281 1491 humaniorum,
1312 1393 1408 1470 ultra
1433 1421 1539 1496 quam
1565 1395 1676 1474 seculi
1700 1402 1778 1499 ejus
1793 1425 1875 1475 mo·
1990 1404 1992 1413 ’

566 1500 627 1569 :res
653 1496 743 1569 ferre
767 1510 964 1589 poterant,
997 1495 1128 1568 notitia
1154 1493 1349 1570 multifaria
1370 1494 1532 1569 animum
1556 1497 1784 1597 perpolivit,
1817 1497 1875 1575 uti

563 1592 618 1686 de
641 1619 684 1665 eo
710 1587 881 1684 refertur,
905 1591 1003 1689 quod
1018 1611 1097 1667 tum
1120 1596 1188 1667 'am
1205 1588 1364 1692 impense
1375 1590 1487 1687 adeb,
1509 1593 1613 1669 illum
1628 1619 1746 1670 rerum
1761 1594 1877 1671 sacra·

571 1715 652 1763 rum
678 1685 879 1762 Dodlorem
906 1690 1057 1764 Paulum
1083 1619 1322 1785 adamaverit,
1355 1711 1397 1765 ut
1421 1715 1513 1764 eum,
1531 1691 1596 1766 fibi
1618 1717 1692 1767 non
1706 1693 1820 1770 solum
1836 1696 1877 1772 in

573 1784 779 1881 exemplum
804 1807 976 1884 poneret,
1009 1788 1068 1860 sed
1094 1792 1155 1883 ἃ,
1182 1811 1225 1863 ut
1248 1815 1293 1862 ne
1318 1789 1405 1884 quid
1421 1786 1487 1860 fibi
1503 1786 1640 1886 ex‘ejus
1656 1791 1817 1863 dodtrina
1836 1795 1877 1866 dt

571 1881 710 1979 scriptis
735 1883 854 1959 animo
878 1884 1096 1977 elaberetur,
1130 1911 1253 1958 omnes
1275 1887 1352 1982 ejus
1377 1882 1556 1978 Epistolas
1578 1907 1625 1955 ex
1642 1885 1780 1957 Graeco
1796 1886 1876 1958 Co·

564 1979 654 2054 dice
676 1976 734 2052 sua
760 2004 865 2054 manu
891 1980 1127 2073 describeret,
1160 1981 1297 2078 sibique
1322 2002 1378 2050 eas
1401 1979 1452 2048 ita
1477 1976 1642 2050 redderet
1663 1978 1877 2082 familiares,

573 2095 616 2150 ut
639 2077 736 2151 hunc
758 2078 859 2152 suum
879 2101 1023 2175 quoque
1042 2078 1074 2148 E
1103 2076 1285 2149 istolarum
1301 2075 1432 2147 librum
1451 2078 1575 2170 (quem
1593 2075 1631 2147 in
1647 2075 1878 2159 Bibliotheca

573 2175 691 2248 civica
713 2194 882 2274 tanquam
906 2193 1056 2269 aupnanr
1071 2103 1210 2248 lavant
1227 2171 1418 2271 Tigurini>
1435 2194 1481 2243 ex
1499 2171 1749 2270 Patribus,(b)
1784 2181 1879 2253 Oria

565 2295 694 2372 gene,
728 2269 1011 2372 Chrysostomo,
1044 2269 1262 2363 Ambrosro,
1294 2269 1526 2368 Hieronymo
1548 2288 1659 2367 atque
1679 2273 1789 2369 aliis,
1812 2277 1878 2351 dea

574 2371 708 2469 cerptis
732 2367 1036 2443 observationibus
1061 2394 1103 2442 ac
1128 2369 1222 2442 notis
1249 2365 1461 2460 illustraret,
1492 2385 1601 2465 atque
1626 2367 1783 2444 fideliter
1811 2399 1878 2472 pe·
1976 2463 1978 2468 Ι

569 2469 671 2541 ‚nitus
708 2467 892 2559 eundern,
940 2463 1029 2564 ipsas
1063 2466 1165 2540 Pauli
1202 2465 1381 2565 Epistulas
1423 2464 1658 2562 complexum
1689 2473 1878 2546 memoriae

570 2564 823 2663 imprimeret,
853 2588 1007 2663 eumque
1030 2565 1068 2638 in
1084 2584 1231 2664 promtu
1247 2563 1409 2639 haberet.
1454 2562 1632 2637 Praeterea
1653 2565 1742 2639 verb
1768 2570 1879 2644 etiam

576 2663 658 2735 haec
683 2660 756 2761 ipsa
773 2662 862 2736 urbs
884 2663 1086 2754 Glaroneasss
1111 2687 1192 2736 eum
1217 2661 1263 2736 de
1287 2659 1393 2736 rebus
1414 2659 1518 2734 sacris
1544 2658 1784 2759 disputantem
1803 2691 1880 2741 non

568 2759 708 2853 semel,
740 2761 778 2836 &
800 2761 1096 2856 concionantem,
1127 2757 1364 2858 officiumque
1387 2756 1526 2831 strenue
1546 2755 1737 2836 facientem
1762 2765 1879 2860 vidit,

575 2859 720 2956 quando
752 2860 876 2935 abusus
910 2860 1123 2934 Pontificios
1156 2859 1194 2934 &
1219 2857 1485 2958 superstitiones
1511 2881 1585 2930 non
1609 2856 1724 2933 solum
1751 2886 1808 2934 ma
1836 2888 1882 2934 na

575 2980 660 3030 cum
685 2957 821 3058 linguae
847 2958 1018 3031 libertate·
1036 2957 1285 3054 reprehendit,
1319 2955 1568 3029 verumetiam
1582 2953 1727 3024 sanioris
1743 2956 1790 3024 do
1831 2956 1883 3045 ri<

577 3077 635 3126 nae
670 3054 801 3127 semina
821 3054 962 3150 pridem
990 3071 1195 3143 concepta,
1235 3051 1378 3118 nemine
1399 3063 1502 3150 extra
1522 3046 1673 3140 patriam
1699 3047 1739 3119 in
1762 3048 1880 3124 confi·

576 3149 666 3223 lium
690 3150 875 3236 adhibito,
909 3148 1003 3216 inter
1026 3165 1086 3214 eos
1104 3138 1248 3237 l'parlit,
1280 3157 1388 3237 atque
1402 3137 1501 3232 ahis,
1536 3159 1577 3214 ut
1592 3139 1637 3212 ad
1652 3144 1728 3239 ejus
1742 3147 1880 3222 Exem-

578 3243 703 3342 plum,
734 3243 1045 3334 imitationemque
1071 3235 1271 3312 doiirinam
1295 3235 1552 3328 instituerent,
1595 3242 1765 3339 exemplo
1788 3244 1883 3341 fuit,

578 3343 672 3413 inter
704 3364 795 3438 quos
827 3338 1012 3438 praecipue
1042 3332 1193 3412 illustres
1230 3333 1459 3414 Glaronensrs
1484 3332 1582 3409 urbis
1607 3336 1883 3420 Reformatorea

1805 3444 1887 3515 Fria

572 3681 634 3724 aron
654 3659 769 3805 irp'arr'a
782 3660 875 3756 facio.¹
915 3653 1192 3751 Quanquamfm'bil
1207 3653 1269 3736 eli,
1299 3651 1378 3739 qaod
1394 3653 1487 3738 nestra
1509 3656 1597 3756 faust
1610 3658 1746 3722 turberis.
1786 3604 1885 3757 Q,
1994 3644 1996 3650 ’

574 3757 663 3808 ,ητα
692 3766 721 3806 oc
738 3764 810 3828 jam
836 3741 906 3804 olim
931 3755 1090 3823 temporum
1120 3745 1250 3825 injuria.
1301 3736 1411 3803 Verum
1434 3739 1596 3823 penitendo
1624 3741 1703 3806 nibil
1722 3739 1881 3825 efficimur,

577 3849 669 3914 quam
686 3827 762 3915 quod
778 3825 848 3888 aliis
867 3823 995 3907 exemplo
1006 3824 1130 3924 stemus,
1158 3829 1210 3913 qai
1228 3818 1316 3922 paulo
1333 3825 1405 3899 [ant
1424 3827 1457 3885 in
1475 3829 1538 3886 enio
1558 3832 1654 3908 magis
1678 3831 1818 3910 ingenuo,
1845 3849 1883 3890 ne

573 3911 628 3975 illi
648 3911 778 3989 diutim,
804 3929 892 3995 quam
904 3907 1008 3992 parsu
1024 3905 1199 3987 rnbaereant,
1225 3906 1360 3993 dqarbus
1372 3841 1483 3991 maele
1499 3908 1630 3991 avulsm,
1650 3924 1686 3974 ur
1699 3906 1882 3974 vehementer

568 3994 752 4080 gaudentes,
769 4001 815 4058 ira
828 4014 883 4055 nan
891 4006 999 4075 param
1013 3990 1105 4067 dolet,
1114 3990 1278 4072 seriniarii
1295 3988 1420 4072 avulsos.

622 4079 669 4160 (a)
691 4077 764 4142 Vid.
791 4075 876 4141 Rod.
893 4071 1182 4141 GUALTHERl
1213 4072 1329 4157 prefer.
1352 4074 1385 4138 in
1406 4072 1498 4154 prior.
1522 4090 1643 4156 partem
1664 4074 1832 4145 Homiiiat.
1849 4076 1887 4146 in

580 4158 937 4327 &illidii-hd
952 4154 1557 4324 llr¹t352ar2¹=rrebr
1701 4209 1710 4219 ··
1783 4195 1785 4199 ‘
1870 4204 1874 4210 ·
