4884 5042
604 560 653 648 50
830 527 1208 616 tristem
1258 516 1696 611 uv'AN'eE'Ltt

604 714 634 760 „
650 659 858 736 sanstissime
880 677 1050 752 cavetur,
1080 679 1127 728 ne
1152 653 1268 728 multa
1289 655 1335 728 ab
1360 680 1435 729 uno
1450 656 1667 753 sacerdotia,
1701 660 1832 758 quibus
1849 688 1913 735 an-

604 810 634 858 „
649 783 741 834 nexa
757 759 801 832 fit
817 760 1014 832 animarum
1028 778 1135 845 cura,
1161 751 1414 850 possideantur.
1437 758 1654 855 Dispensatio,
1675 784 1782 858 quam
1799 762 1912 833 Bern-

606 910 636 954 „
654 858 782 931 hardus
804 855 899 932 ιιᾶὲ
920 855 1067 928 vocavit
1088 849 1332 947 disparium,
1364 850 1510 948 effecit,
1542 874 1583 927 ιιι
1596 860 1672 954 jam
1689 880 1763 928 non
1778 859 1914 951 multa,

608 1007 637 1054 „
654 980 728 1029 non
753 953 876 1054 plura,
906 952 964 1026 sed
986 955 1172 1025 innumera
1194 967 1338 1024 teneant
1356 950 1485 1045 multi,
1517 954 1579 1049 qui
1596 978 1642 1027 ne
1659 955 1817 1028 Diaconi
1833 958 1913 1056 qui·

608 1106 637 1151 „
654 1053 735 1127 dem
769 1051 894 1126 officio
924 1069 1127 1125 mereantur
1153 1046 1318 1147 defungi.
1369 1049 1537 1122 Tandem
1563 1053 1600 1124 in
1626 1053 1789 1153 Epilogo
1811 1080 1914 1127 com·

608 1169 778 1248 „monet
802 1151 963 1223 Leonem
988 1145 1207 1221 Pontificem
1234 1148 1468 1242 Romanum,
1502 1148 1566 1221 ubi
1591 1150 1795 1225 edomuerit
1813 1152 1915 1253 pelli·

607 1301 636 1346 ‚,
654 1273 724 1322 mae
740 1249 827 1321 vitae
845 1245 1026 1340 monstra,
1053 1244 1348 1338 retexuissent,
1381 1269 1427 1318 ne
1440 1245 1563 1346 postea
1578 1249 1821 1347 repellulunt,
1852 1253 1916 1324 ad·
1946 1274 1948 1279 ·

609 1401 637 1444 „
652 1345 807 1420 hibenda
830 1349 899 1443 erit
924 1345 1045 1445 legum
1070 1344 1225 1437 cautio,
1259 1344 1298 1416 δι
1323 1341 1479 1417 severior
1500 1346 1686 1442 aliquanti>
1713 1349 1913 1447 disciplina.

608 1444 750 1542 „Non
774 1446 812 1516 in
832 1443 989 1518 vestibus
1008 1440 1120 1515 modb
1139 1442 1177 1517 &
1195 1440 1393 1534 sumtibus,
1426 1441 1484 1516 sed
1500 1445 1538 1515 in
1556 1444 1682 1518 studiis
1698 1444 1806 1521 sacrae
1825 1448 1917 1520 Lin-

610 1593 638 1639 „
652 1563 738 1641 guae
764 1544 952 1642 utriusque
979 1540 1205 1615 Testamenti
1232 1539 1559 1640 recognoscendae,
1588 1546 1627 1618 δι
1654 1569 1739 1618 cum
1765 1547 1920 1645 antiquis

611 1692 640 1737 „
659 1641 698 1715 ὃ(
717 1639 896 1740 castigatis
913 1641 1041 1738 primae
1058 1641 1112 1713 ori
1142 1641 1209 1714 inis
1225 1638 1489 1738 exemplaribus
1507 1643 1757 1717 conferendae:
1791 1644 1922 1718 solem·

610 1751 639 1834 ,‚'
656 1762 718 1811 nes
747 1741 961 1811 ceremoniae
991 1736 1036 1810 de
1063 1664 1193 1835 quibus
1220 1738 1321 1812 fuere
1344 1736 1432 1811 olim
1457 1742 1638 1836 quaepiam
1666 1740 1922 1834 difficultates,

609 1888 639 1932 ,‚
654 1835 836 1933 prioribus
850 1836 985 1909 oblatae
1004 1837 1028 1907 S
1056 1835 1180 1928 nodis,
1206 1835 1402 1907 stamendae
1421 1834 1785 1930 firmandaequesunt.
1811 1837 1921 1930 Qro·

610 1930 799 2029 „tidianae
827 1955 950 2030 preces
974 1955 1011 2002 re
1038 1931 1180 2028 igendae
1204 1929 1286 2001 sunt
1311 1930 1532 2019 in'statum,
1567 1930 1606 2002 &
1630 1928 1854 2026 probatum,
1884 1933 1924 2007 δι

611 2082 642 2126 „
658 2027 865 2101 ordinatum
888 2027 1076 2119 ordinem,
1111 2028 1150 2099 δι
1172 2049 1269 2098 verae
1296 2023 1472 2096 Historiae
1494 2022 1538 2096 ab
1556 2025 1790 2124 Apocryphis
1809 2053 1867 2102 ma
1896 2031 1926 2104 is

614 2177 643 2224 „
659 2123 901 2224 segregandae.
952 2120 1218 2198 Praescribenda
1239 2119 1472 2219 Principibus
1496 2120 1583 2194 viris
1607 2119 1751 2219 officia,
1783 2148 1825 2200 ut
1865 2154 1928 2204 ce-

615 2278 644 2322 „
659 2222 771 2297 lerata
788 2222 899 2298 illa&
917 2220 1153 2320 Reipublicae
1168 2218 1324 2294 deletrix
1342 2218 1490 2318 opinio,
1515 2217 1625 2295 licere
1640 2246 1723 2322 quae
1741 2223 1928 2323 placeant,

616 2372 644 2419 „
662 2322 702 2397 δι
732 2319 754 2393 ὲ
777 2320 880 2421 vulgi
906 2321 1033 2394 animis
1059 2317 1211 2392 omnino
1237 2337 1447 2394 amoventur
1471 2320 1510 2394 δι
1533 2319 1679 2417 penitus
1704 2322 1840 2398 exulet.
1892 2327 1928 2399 A

616 2471 647 2517 „
662 2418 843 2493 diuturnis
867 2416 1136 2492 dissentionibus
1162 2416 1307 2491 tandem
1332 2415 1537 2591 quiescant,
1568 2416 1688 2493 daturi
1712 2443 1860 2521 operam
1878 2423 1928 2498 eis

613 2568 644 2615 „
660 2514 812 2608 officiis,
873 2542 929 2591 uae
948 2516 1116 2592 mortales
1137 2518 1331 2591 evehunta

617 2615 745 2711 enim,
777 2542 1023 2716 sordibusque
1044 2614 1240 2690 innumeris
1263 2615 1479 2690 testimoniis
1502 2615 1539 2691 id
1563 2615 1650 2690 colli
1679 2618 1780 2712 itur,
1823 2638 1933 2713 quam

617 2737 694 2790 non
717 2712 992 2791 Reformatores
1016 2713 1128 2790 nostri
1151 2713 1210 2790 vel
1233 2715 1344 2814 primi
1370 2713 1527 2812 suerint,
1560 2712 1621 2787 rel
1645 2641 1733 2809 soli,
1768 2713 1831 2815 qui
1848 2716 1936 2791 Ro·

618 2837 736 2888 manae
770 2813 946 2890 Eccleliae
978 2811 1209 2915 perditiffima
1240 2814 1455 2890 detexerunt
1489 2813 1643 2908 ulcera,
1689 2812 1826 2915 quippe
1851 2838 1935 2924 quae

621 2914 671 2986 ita
695 2911 881 3012 quibusvis
905 2914 991 2989 viris
1011 2914 1167 2989 cordatis
1183 2933 1284 2987 erant
1301 2935 1387 2988 nota
1404 2914 1443 2988 ὃ(
1461 2909 1663 3009 perspedla,
1694 2931 1737 2980 ut
1748 2908 1864 3016 ,¹¹⁰st¹'.¹
1881 2908 1937 3015 so·-

620 3010 810 3088 lummodb
835 3012 872 3086 id
898 3013 1056 3086 maxime
1077 3009 1171 3081 serio
1192 3010 1362 3100 egerint„
1386 3027 1429 3073 ut
1455 3026 1540 3071 cum
1559 3001 1704 3069 instaret
1719 2998 1935 3074 visitationis

622 3110 732 3202 bora,
761 3130 869 3207 atque
894 3087 1154 3179 emendationis
1180 3109 1346 3191 tempus,
1379 3117 1433 3166 res
1453 3091 1529 3190 ipsa
1553 3115 1643 3165 cum
1652 3090 1811 3168 successu
1826 3095 1937 3173 susci·

623 3224 792 3305 peretur,
817 3221 928 3299 atque
941 3197 987 3270 ad
1003 3210 1170 3292 optatum
1189 3189 1301 3262 linem
1317 3187 1567 3284 deduceretur.

674 3313 707 3390 ς.
727 3297 927 3376 XXVIII.
954 3286 1123 3392 Superest
1150 3311 1278 3382 nunc,
1308 3306 1351 3360 ut
1403 3287 1499 3362 aucis
1524 3283 1644 3361 verbis
1668 3289 1766 3365 varia
1791 3317 1938 3397 quoque

626 3421 709 3497 quae
732 3391 1047 3473 Reformationem
1068 3385 1183 3464 veluti
1199 3385 1368 3487 portendi
1397 3385 1658 3483 ereferuntur,
1684 3391 1744 3463 vel
1789 3394 1939 3470 raeludia

626 3495 686 3570 vel
707 3492 900 3593 praesagia,
933 3488 1053 3590 digito
1070 3504 1284 3587 tangamus,
1303 3485 1413 3585 quod
1429 3487 1596 3585 equidem
1614 3486 1746 3561 abhoc
1763 3417 1847 3563 ioco
1864 3515 1940 3567 non

627 3588 696 3668 esse
713 3590 867 3664 allenum
885 3587 1112 3663 arbitramur.
1163 3583 1382 3684 Quanquam
1400 3584 1518 3680 enim,
1538 3610 1607 3660 nee
1624 3584 1775 3682 auguria
1791 3609 1940 3704 captent

629 3687 783 3790 amplius
815 3687 884 3761 viri
908 3686 1131 3788 prudentes,
1166 3707 1235 3758 nec
1258 3682 1352 3757 male
1375 3679 1462 3756 fidae
1484 3684 1724 3784 plurimorum
1749 3685 1944 3784 relationi,

630 3788 853 3890 sagaciorum
875 3787 1050 3861 innitatur
1074 3781 1184 3877 fides,
1219 3782 1257 3856 id
1281 3800 1403 3856 tamen
1422 3781 1527 3877 inde,
1560 3782 1801 3953 nequicquam
1818 3785 1856 3859 in
1874 3787 1942 3861 alia·

509 3912 541 3985 ,ς
567 3916 576 3991 3
632 3888 754 3965 omnia
778 3886 946 3962 euntibus
969 3879 1195 3977 adversariis,
1229 3882 1298 3958 rite
1320 3880 1540 3995 colligetur,
1573 3879 1675 3956 suffe
1693 3880 1804 3994 ilud,
1840 3901 1941 3976 (cum

1377 2515 1740 2614 immortalitatem„
1795 2520 1855 2593 Ex
1875 2521 1931 2593 his

466 3986 517 4075 3'2'3
530 4010 575 4086 ·..³
632 3988 764 4063 horum
786 4010 890 4088 quam
910 3984 1086 4086 plurima,
1117 4001 1197 4056 tum
1215 3999 1411 4082 temporis,
1429 3980 1608 4055 omnium
1626 4005 1711 4075 ore,
1736 4000 1831 4056 inter
1846 3982 1941 4083 ipsos

465 4086 473 4103 .
508 4120 516 4135 ,
633 4085 742 4167 etiam
762 4083 997 4197 Pontificius,
1029 4082 1242 4185 priusquam.
1257 4076 1554 4228 {edomuimus
1578 4078 1769 4192 negotium
1796 4102 1943 4282 qppcqss
