4884 5042
1166 583 1301 680 (rat-l

648 731 726 805 item
748 750 923 837 peccatum
940 729 1097 803 admittit.
1146 728 1228 803 Nec
1246 730 1314 837 hoc
1331 726 1433 834 pasto
1449 749 1601 836 unquam
1614 727 1798 828 desperanti
1809 733 1880 840 ulla

647 826 787 900 fenestra
809 849 975 924 aperitur,
997 847 1117 898 verum
1136 823 1442 920 semet-abjiciendi,
1466 824 1630 896 auxilium
1644 826 1837 921 postulandi
1859 829 1880 903 d

641 920 738 1010 Deo,
762 922 799 993 &
822 918 1133 1028 planelhumiliandi
1156 917 1204 1007 se,
1228 938 1268 991 ut
1289 915 1474 1004 exaltetur,
1493 940 1562 989 non
1586 920 1765 993 mediocris
1782 946 1881 994 occa·

552 1199 557 1209 q
644 1008 1881 1272 {fg1subigidsszlsrslsssss,s‘ffifiznfflsslblff”lass
1962 1144 1964 1153 ι

644 1202 749 1276 ttmsr
776 1224 854 1298 quis
917 1203 1095 1273 .Paulum
1123 1199 1219 1273 vela
1248 1201 1365 1271 limine
1388 1198 1555 1270 salutavit.
1609 1201 1648 1269 ln
1673 1201 1800 1273 XXV.
1830 1223 1879 1276 ta·

641 1320 737 1384 men,
754 1296 999 1368 advertendum
1015 1296 1081 1367 hoc
1093 1295 1161 1384 est,
1178 1319 1247 1367 non
1262 1293 1361 1366 illum
1375 1290 1715 1389 contenderejustum
1728 1294 1793 1365 elle
1803 1296 1879 1369 abs·

639 1412 710 1484 que
726 1388 901 1483 operibus,
918 1388 1057 1461 sednon
1067 1411 1188 1484 opera,
1199 1412 1298 1479 eum,
1326 1409 1447 1462 verum
1460 1384 1565 1459 fidem
1578 1383 1712 1461 efficere
1718 1387 1875 1484 justum,

516 1543 519 1549 .
634 1482 1092 1580 justusenimexlidevivit.
1832 1534 1834 1538 -

687 1579 780 1650 Haec
791 1578 879 1665 sunt,
892 1577 1099 1672 antequa
1110 1577 1197 1651 inter
1208 1574 1448 1670 disputandum
1460 1571 1608 1648 utlicuit
1618 1573 1793 1670 excepi‚in
1806 1600 1878 1652 non
1917 1651 1921 1659 ,

638 1672 743 1743 nullis
756 1692 866 1742 tamen
878 1669 922 1741 ab
935 1668 1006 1762 ipso
1018 1671 1222 1764 disputatore
1236 1670 1490 1763 postridie,non
1502 1671 1612 1765 potest
1624 1670 1694 1742 dici
1709 1692 1779 1775 qua
1795 1672 1876 1744 saci·

637 1763 750 1852 litate,
771 1787 845 1857 quo
862 1763 1005 1836 docendi
1024 1765 1164 1858 spiritu,
1180 1766 1327 1863 adjutus.
1376 1766 1564 1838 statueram
1578 1787 1662 1836 aeto
1685 1785 1785 1837 etiam
1811 1791 1876 1837 no·

619 1857 791 1930 ¹siratium
803 1857 1068 2025 Theolggorum
1084 1858 1145 1933 tibi
1158 1861 1222 1933 tela
1234 1857 1442 1946 describere,
1465 1861 1588 1929 verum
1609 1855 1672 1929 ubi
1693 1882 1738 1941 ea¹
1760 1880 1876 1952 repeto

637 1951 798 2024 videntur
825 1973 893 2026 tam
951 1953 1063 2026 accida
1084 1974 1151 2025 tam
1180 1951 1340 2049 ficulnea,
1363 1972 1431 2025 tam
1458 1950 1567 2024 nihilo
1592 1951 1654 2023 nist
1683 1950 1873 2026 Aristotelis

626 2046 799 2141 ·Scotique
823 2081 926 2140 meta
946 2044 1183 2119 tenebricantia
1193 2045 1373 2142 tantisper,
1403 2045 1684 2141 luculentamque
1697 2045 1878 2119 veritatem·

634 2142 725 2234 apud
757 2140 952 2232 Sophistam
980 2140 1114 2213 sortasse
1138 2140 1287 2235 aliquem
1314 2164 1385 2213 non
1412 2159 1527 2214 autem
1559 2140 1786 2240 Theologum
1810 2150 1873 2234 qui

574 2264 581 2271 ·
635 2235 669 2305 in
695 2235 894 2328 apertiffima
922 2235 1103 2334 Evangelii
1129 2234 1272 2329 divique
1298 2236 1400 2309 Pauli
1431 2234 1511 2308 luce
1539 2235 1692 2309 versetur
1716 2233 1873 2308 obfusca-

572 2354 589 2365 ··
633 2327 868 2413 tura,ut·s1m
890 2329 997 2420 plane
1017 2329 1145 2402 veritus
1170 2329 1234 2402 sub
1249 2330 1416 2402 incudem
1438 2354 1477 2401 ea
1498 2327 1632 2402 mittere
1653 2329 1703 2403 tui
1726 2327 1870 2403 exabtis·

634 2417 708 2490 simi
725 2420 856 2512 judicii.
904 2419 1013 2508 Quod
1036 2422 1208 2516 superest,
1236 2421 1489 2494 Humaniffime
1507 2423 1623 2510 Beate,
1646 2441 1677 2493 te
1695 2429 1871 2516 oroteqne

569 2526 578 2539 ·
632 2532 693 2678 ger
705 2509 792 2584 sacra
808 2510 975 2599 obtestor,
987 2512 1060 2584 haec
1082 2537 1183 2583 nemo
1201 2512 1262 2584 nist
1283 2515 1411 2585 amicus
1428 2513 1557 2603 videat,
1575 2514 1711 2586 nemihi
1728 2515 1786 2609 ipfi
1800 2540 1871 2588 ma·

650 2629 708 2678 um
730 2603 912 2693 accersam,
931 2605 1016 2678 dum
1035 2603 1264 2678 obsecundare
1286 2606 1397 2678 amico
1422 2605 1554 2679 studeo.
1603 2607 1670 2696 Et,
1689 2607 1757 2680 sive
1768 2629 1870 2682 tuum
1890 2695 1894 2700 .

632 2701 732 2773 addas
754 2697 963 2772 subducasve
982 2696 1177 2787 calculum,
1202 2718 1235 2771 te
1260 2721 1320 2792 per
1345 2699 1527 2773 amicitiam
1556 2701 1703 2773 nostram
1727 2702 1871 2775 obsecro

634 2796 720 2865 hanc
750 2817 859 2867 meam
885 2792 1042 2888 ineptiam
1071 2794 1105 2866 in
1131 2793 1274 2864 amicam
1301 2814 1429 2888 partem
1453 2795 1595 2889 accipias
1617 2796 1759 2869 &dum
1782 2797 1904 2871 olim„

571 2928 574 2937 ·
632 2887 846 2961 liberrimum
868 2887 929 2959 tibi
951 2886 1051 2960 fuerit
1075 2912 1114 2961 ac
1136 2896 1285 2960 vacuum
1313 2888 1475 2977 maxime,
1498 2908 1591 2960 tuam
1604 2888 1868 2982 amicorumque

567 3011 573 3019 ·
630 2985 821 3057 sementiam
845 2982 1011 3055 rescribas.
1062 2983 1167 3072 Vale,
1188 3004 1322 3079 tuoque
1339 2983 1489 3055 Mattino
1510 2980 1621 3075 sinon
1632 2983 1672 3055 ad
1686 3004 1757 3055 rem
1767 2981 1867 3053 aliam

567 3104 574 3115 ·
630 3080 685 3151 vel
703 3080 743 3148 ad
768 3078 870 3148 risum
894 3077 1025 3148 interim
1049 3099 1160 3165 utare,
1183 3099 1286 3172 quem
1307 3097 1374 3150 tam
1393 3077 1528 3176 egregie
1549 3077 1763 3170 depuduetit.
1809 3077 1867 3146 Ex

628 3171 842 3269 Heidelberga
868 3171 1015 3243 Kalend.
1039 3172 1144 3268 Majas
1165 3195 1254 3244 anno
1266 3171 1396 3245 Christi
1417 3173 1475 3244 clo
1489 3174 1525 3243 la
1547 3170 1687 3244 XVlll.
1710 3194 1866 3268 rogarem

627 3289 666 3340 ut
691 3265 849 3337 illatinam
869 3289 978 3341 meam
1001 3263 1201 3358 diffluum,
1227 3267 1435 3360 praecipitem
1449 3264 1612 3338 scribendi
1625 3263 1866 3352 festinantiam,

626 3362 825 3528 {iturosque
846 3358 1062 3450 connivetes,
1073 3359 1133 3433 nifi
1146 3359 1296 3435 viderem
1313 3359 1408 3434 illico
1420 3365 1601 3457 petendum
1615 3358 1716 3450 mihi,
1736 3381 1866 3432 nemea

640 3477 764 3555 egeres.
946 3508 950 3515 .
1183 3508 1185 3512 2
1333 3492 1336 3497 ·
