4884 5042
1079 570 1190 664 (99·)

499 746 502 753 ·
524 715 683 792 beneficii
703 739 763 804 per
779 711 953 790 simoniam
973 712 1125 785 obtenti:
1154 716 1254 811 super
1273 714 1401 810 quibus
1418 718 1585 815 generales
1596 713 1715 812 habeat
1734 719 1790 785 be·

509 814 819 888 ·Subc0mmill'atri
840 810 1040 906 singularem
1060 807 1249 902 respeslum
1269 809 1389 882 babere
1402 811 1535 886 debent.
1595 797 1718 868 ΜΕΝ·

578 911 669 981 idem
683 909 808 981 dicitur
826 909 867 980 de
887 910 939 977 hrs
955 908 1016 1000 qui
1031 903 1272 975 commiserunt
1293 905 1584 1004 irregularitatem.
1641 907 1682 981 45
1704 886 1714 948 Ι
1735 905 1758 950 ⁰

517 1027 566 1076 ut
583 1003 711 1075 solvant
730 1003 864 1075 frustus
884 999 984 1072 unius
1003 999 1096 1068 anni:
1118 1021 1161 1070 ex
1184 1023 1256 1095 quo
1274 1023 1353 1070 cum
1371 999 1418 1071 eis
1436 1004 1470 1071 in
1490 1023 1568 1075 trtro
1594 964 1790 1115 gmigflm'
1861 1044 1865 1051 ·

525 1121 594 1194 que
615 1101 692 1168 soro
714 1097 931 1193 dispensatur.
981 1093 1188 1166 Advertendi
1216 1096 1315 1166 etiarn
1346 1094 1423 1167 sunt
1450 1095 1581 1170 fruetus
1596 1070 1811 1212 3312¹m¹ff⁸

513 1192 771 1265 ⁴beneficiorum
791 1194 828 1264 &
846 1189 1105 1287 prebendarum.
1155 1189 1190 1260 Si
1202 1191 1292 1260 enim
1310 1189 1516 1263 beneficium
1530 1193 1583 1262 vel
1595 1211 1719 1294 capsam
1734 1219 1811 1282 dare

512 1288 695 1384 prebenda
714 1289 911 1381 incorpore
930 1285 1039 1356 tenuis
1062 1284 1162 1353 esset:
1184 1283 1239 1355 sed
1258 1283 1444 1356 oblationes
1460 1286 1514 1357 vel
1533 1287 1577 1356 di·
1594 1295 1723 1362 debent.

526 1381 744 1453 stributiones
772 1383 809 1454 &
826 1381 887 1450 alia
904 1378 1162 1452 extraordinaria
1183 1377 1287 1448 ellint
1312 1380 1474 1478 pinguia:
1500 1402 1583 1454 tunc

526 1476 712 1549 seeundum
737 1475 795 1546 illa
810 1473 909 1545 debet
927 1479 1056 1569 itnporn
1074 1482 1211 1570 gravior
1228 1492 1320 1543 taxa:
1343 1495 1470 1547 attento
1484 1477 1582 1548 etiam

525 1572 607 1662 isto,
646 1571 838 1667 quodcum
861 1567 983 1642 talrbus
1000 1570 1206 1663 dispensatur·
1227 1568 1360 1662 quoad
1382 1569 1516 1642 ordines
1528 1567 1580 1643 su·

526 1665 704 1762 sceptos&
716 1664 956 1758 suscipiendos:
983 1662 1021 1734 &
1047 1684 1082 1733 ut
1101 1666 1135 1733 in
1154 1664 1201 1733 eis
1214 1663 1256 1733 de
1272 1662 1349 1759 post
1368 1663 1494 1760 posstnt
1516 1666 1580 1736 uri·

524 1759 674 1832 nistrare.

565 1854 660 1945 ¹Quo
680 1879 764 1928 vero
781 1853 823 1924 ad
847 1871 1021 2017 perceptos
1038 1849 1172 1924 studius
1193 1851 1441 1926 beneficiorum
1464 1880 1522 1951 per
1540 1855 1582 1926 fi·
1647 1875 1688 1952 4⁶
1731 1874 1742 1936 1

514 1953 676 2020 moniam
696 1949 751 2022 'vel
767 1949 846 2019 alias
865 1949 943 2019 inde
968 1949 1022 2018 ite.
1046 1945 1239 2043 possessores
1255 1973 1374 2020 eorum
1393 1950 1508 2022 induci
1523 1951 1581 2022 de·

518 2041 607 2114 ”beat
620 2041 750 2142 semper
764 2046 805 2115 ad
818 2044 895 2138 plus
905 2040 1207 2113 contribuendum:
1235 2043 1391 2116 videlicet
1408 2066 1447 2116 ut
1460 2045 1583 2119 medie·

520 2155 631 2211 tatem
657 2162 716 2212 aut
732 2139 862 2210 tertiam
881 2137 935 2207 vel
954 2158 1106 2232 quartam
1131 2157 1258 2232 partem
1292 2137 1329 2210 ὅ(
1345 2137 1444 2210 etiam
1469 2139 1582 2231 minus

519 2233 662 2327 quando
686 2233 827 2330 qualitas
846 2230 994 2303 indebite
1013 2233 1245 2395 occupationis
1259 2255 1329 2304 non
1351 2233 1429 2306 ellet
1451 2235 1582 2335 gravis:

521 2345 582 2396 aut
599 2327 678 2398 esl'et
696 2327 814 2419 aliquo
826 2328 932 2397 modo
942 2325 1101 2398 excusabi
1117 2332 1153 2398 is.
1557 2337 1562 2343 '

573 2420 610 2488 Si
624 2442 706 2488 vero
719 2420 900 2489 Simoniaci
914 2440 971 2489 aut
986 2420 1183 2514 irregulares
1199 2420 1293 2491 nulla
1305 2421 1464 2494 haberent
1476 2420 1579 2498 bene·
1673 2450 1715 2512 47

522 2510 619 2586 licia:
643 2534 727 2582 tunc
739 2512 862 2581 modus
880 2512 1053 2581 commisse
1070 2512 1220 2582 Simonie
1236 2534 1294 2584 aut
1313 2511 1752 2592 contrasleirre-Statutum
1767 2515 1808 2578 de

524 2605 712 2705 gulositatis
734 2603 910 2700 ponderari
931 2603 1051 2675 debet:
1075 2603 1112 2676 ὅ(
1141 2605 1326 2676 secundum
1357 2615 1451 2704 quod
1473 2617 1577 2709 magis
1589 2595 1807 2692 .s¹¹¹¹⁰¹¹l³⁶l‚⁵&

525 2701 580 2772 vel
602 2703 716 2773 atinus
742 2699 854 2798 gravis
882 2699 1009 2770 suerit=
1045 2696 1228 2771 secundum
1259 2698 1324 2770 hoc
1355 2706 1493 2800 gravior
1523 2709 1576 2776 vel
1588 2681 1777 2796 '‘feg⁰¹³s¹‡

525 2795 638 2866 minor
659 2818 734 2866 taxa
749 2795 795 2866 eis
808 2793 938 2889 imponi
957 2791 1065 2863 debet.
1116 2793 1217 2867 Circa
1234 2790 1329 2864 istam
1349 2817 1452 2869 totam
1472 2797 1572 2869 sacul·
1588 2758 1807 2907 ffifflsgg'

522 2910 624 2963 tatem
649 2888 1026 2965 Subeommillariorum
1053 2889 1259 2985 generalium
1284 2891 1497 2961 moderamen
1518 2892 1573 2963 sal·
1588 2919 1712 2987 uestem,

522 3009 607 3058 vum
634 2986 699 3058 elle
719 2985 834 3059 debet:
857 2985 983 3082 quibus
1000 2982 1213 3079 injungimus
1236 2986 1329 3077 quod
1355 3010 1428 3081 qno
1454 2987 1494 3057 ad
1517 2986 1579 3058 illa

448 3078 453 3087 ’
523 3080 609 3152 nihil
628 3084 660 3152 in
675 3080 825 3155 fraudem
845 3079 972 3180 negotii
989 3077 1126 3170 saciant,
1148 3078 1212 3152 sub
1234 3080 1383 3153 censuris
1401 3080 1474 3178 ipso
1486 3079 1577 3154 fastu

518 3175 733 3249 'incurrendis
750 3173 784 3244 in
800 3176 899 3248 Bulla
915 3175 999 3247 latis.

573 3270 693 3343 Tertia
711 3265 850 3342 facultas
865 3269 913 3342 est
931 3268 1157 3366 componendi
1176 3267 1274 3367 super
1289 3271 1375 3342 male
1389 3269 1507 3343 ablatis
1524 3219 1638 3355 irfm
1681 3291 1721 3373 48

522 3365 631 3439 certis.
654 3366 707 3437 vel
720 3366 819 3436 etiam
838 3367 936 3437 certis
955 3366 986 3435 in
1008 3364 1182 3462 aliquibus
1200 3364 1331 3438 casabus
1351 3363 1506 3439 videlicet
1524 3369 1785 3460 in·Compofitlo

522 3464 571 3533 sta
595 3461 732 3557 scriptis.
782 3458 1132 3552 Quandosoenerator
1147 3460 1283 3533 deberet
1300 3462 1514 3536 foeneratori:
1539 3463 1680 3543 &sopor
1695 3461 1778 3525 male

524 3557 592 3653 ipse
614 3554 792 3661 requisitus
810 3560 972 3628 recusaret
991 3558 1107 3628 ulitras
1129 3557 1303 3629 restituere
1321 3557 1374 3628 vel
1394 3569 1414 3633 fi
1438 3545 1698 3653 privatisal'la,tis
1713 3546 1786 3640 Μ’,

1586 3730 1635 3774 am
1651 3729 1757 3774 certia.

521 3653 664 3724 ecclefits
690 3651 889 3740 deberetur,
911 3656 943 3721 in
967 3649 1094 3818 quibus
1114 3650 1275 3724 Romana
1299 3652 1446 3726 Ecclesia
1463 3630 1805 3724 succe1⁰³s¹¹⁵⁶sew

519 3747 598 3818 dere
619 3746 754 3819 deberet
772 3768 831 3820 aut
851 3746 956 3842 pollet
990 3749 1104 3845 ejure.
1155 3749 1237 3819 Item
1259 3747 1293 3818 in
1312 3747 1363 3818 his
1380 3771 1449 3844 que
1466 3749 1506 3819 ad
1518 3746 1576 3818 ali·
1586 3796 1667 3858 Com
1695 3791 1787 3854 osuio

523 3863 673 3934 quorum
710 3867 829 3913 manus
867 3865 1080 3939 quocunque
1111 3843 1216 3914 modo
1250 3842 1491 3938 pervenerint:
1521 3813 1807 3959 sedsuperpinven·

520 3936 645 4027 quibus
674 3936 873 4009 restituenda
895 3939 956 4010 smt
978 3938 1135 4012 iunotent
1153 3938 1206 4009 vel
1222 3937 1390 4010 dubitent.
1442 3938 1531 4011 ltem'
1545 3937 1654 4022 lutis]

521 4026 572 4097 his
594 4054 662 4125 que
684 4032 799 4105 relrsla
824 4034 964 4108 suerint:
989 3991 1025 4105 ἶ(
1045 4055 1113 4126 que
1131 4034 1278 4129 relinqui
1294 4057 1333 4107 ae
1350 4033 1454 4134 legari
1470 4031 1575 4105 conti·
1587 4037 1787 4134 Compositio

1010 4129 1097 4202 Na
1367 4159 1377 4182 ·
1520 4148 1579 4224 ge-
