4884 5042
601 577 771 684 Aaron
929 572 1581 657 RENOVATI.
1838 606 1902 687 32¹
2005 651 2007 654 ,

598 757 626 800 ,‚
651 707 704 780 nis
725 702 778 778 est
799 700 962 777 Ecclefia
986 722 1085 776 mea:
1117 722 1198 773 nam
1224 693 1386 772 Ecclefia
1410 724 1483 772 non
1507 691 1660 777 traditur
1685 704 1901 803 pronubis:

596 823 625 896 3,
650 820 687 876 at
708 802 884 883 continuo
899 799 1088 898 sequitur,
1123 794 1236 893 Quod
1261 821 1327 893 pro
1351 796 1455 868 vobis
1480 801 1643 873 traditur.
1695 805 1823 901 Quum
1843 826 1905 877 er·'

595 946 623 994 ,‚
649 924 699 998 go
725 899 890 972 Christus
912 921 979 995 pro
1005 896 1106 969 nobis
1132 892 1281 967 traditus
1305 891 1368 984 fit,
1391 916 1463 964 non
1491 895 1650 968 Ecclefia
1677 901 1778 998 (quid
1803 902 1898 974 enim

594 1046 622 1091 ‚‚
648 998 700 1070 est
726 996 897 1070 Ecclesia·
913 1019 1017 1092 quam
1044 991 1165 1080 nos?)
1192 991 1408 1090 colligitur,
1441 990 1479 1061 in
1504 991 1558 1062 his
1583 996 1699 1067 verbis
1725 1001 1897 1094 Tropum

593 1144 622 1188 „
646 1093 735 1261 εῐῖῗ,
754 1116 876 1204 ‘neque
900 1092 973 1166 ulla
995 1091 1132 1166 ratione
1155 1089 1201 1162 de
1226 1087 1355 1161 carnali
1379 1109 1532 1185 corpore
1557 1090 1692 1164 Christi
1717 1094 1814 1191 posse
1840 1096 1895 1166 in·

646 1209 682 1261 te
712 1215 722 1260 1
752 1214 775 1261 r.

593 1238 623 1324 3,
641 1337 667 1378 „
691 1212 880 1376 oljtctebas
902 1289 1014 1381 rurfiss
1038 1284 1155 1362 Scriba
1178 1285 1261 1378 iste,
1297 1281 1480 1357 Christum
1505 1306 1550 1355 ex
1585 1283 1741 1382 Virgine
1774 1310 1897 1365 natum

592 1434 621 1479 „
642 1383 742 1478 esse,
769 1383 799 1458 fa
825 1407 894 1482 qua
918 1409 956 1456 re
980 1382 1091 1458 sensus
1121 1408 1194 1456 non
1219 1384 1335 1455 minus
1361 1381 1596 1474 abhorreret,
1630 1406 1735 1478 quam
1761 1388 1804 1459 ab
1832 1386 1898 1459 ista·

590 1482 775 1576 „carnali
812 1480 1110 1554 manducatione:
1138 1533 1165 1575 „
1196 1482 1242 1553 ad
1272 1503 1338 1573 que
1372 1482 1564 1574 Zws'nglius
1595 1482 1649 1548 illi
1668 1505 1726 1574 pro
1748 1481 1896 1582 dignita.

590 1598 624 1649 te
645 1581 811 1677 respondit.
861 1573 935 1666 rost
964 1577 1224 1672 conflidationem
1255 1573 1351 1664 illam
1383 1600 1459 1644 curn
1482 1574 1595 1669 scriba
1619 1575 1794 1663 habitam,
1819 1579 1896 1672 sta·

590 1679 658 1746 tuit
680 1685 844 1767 Senatus,
872 1696 911 1746 ut
934 1673 1109 1772 dprands'o
1132 1677 1299 1749 Senatores
1323 1694 1464 1769 quatuor
1480 1690 1555 1743 curn
1577 1674 1738 1748 Henrico
1757 1679 1811 1750 En
1841 1679 1893 1753 el·

588 1771 725 1867 hardo,
758 1775 923 1867 Leone,
952 1771 1181 1872 Megandro,
1216 1771 1420 1871 Myconio‚
1453 1791 1551 1866 atque
1577 1771 1762 1845 nobiscum
1794 1703 1891 1872 (lint

586 1867 795 1944 haecZwin
823 1870 862 1942 lii
871 1869 1024 1964 verba,)
1050 1877 1258 1953 conveniant,
1283 1872 1894 1969 quorestantagraviterventilaretur.

583 1964 635 2035 ‘ld
642 1962 720 2038 veri
737 1968 783 2036 od
795 1887 885 2040 {unc
901 1973 995 2064 usum
1008 1965 1282 2063 maximifielrut,
1297 1990 1335 2042 ut
1343 1965 1537 2062 quibusdam
1546 1964 1789 2063 obstrepentibus
1795 1973 1897 2044 undi-

584 2087 649 2161 que
655 2066 841 2160 satifie'ret·
889 2062 1151 2139 Deliberulatur
1167 2067 1364 2162 aliquandiu
1381 2061 1498 2146 varii,
1514 2068 1575 2159 sed
1591 2071 1691 2136 omnis
1704 2067 1894 2142 deliberatio

583 2162 669 2242 launo
693 2169 987 2263 exinanitionis,
1018 2182 1059 2234 ut
1073 2166 1222 2263 sequenti
1247 2163 1300 2234 die
1323 2161 1508 2232 duodecimo
1532 2166 1662 2259 Aprilis
1676 2167 1722 2236 ad
1736 2176 1890 2240 Senatum

581 2267 735 2359 univerfir
752 2268 849 2360 causta
864 2270 984 2336 iterum
999 2265 1190 2356 referretur.
1240 2269 1322 2332 Cum
1338 2288 1409 2359 ergo
1424 2257 1614 2333 duodecimd
1630 2267 1758 2358 Aprilis
1773 2267 1827 2338 die
1842 2265 1893 2337 ad.
1925 2321 1926 2328 a

580 2358 742 2429 Senatum
764 2367 965 2452 rediremus,
999 2383 1099 2454 atque
1115 2383 1154 2433 ut
1170 2364 1276 2453 Miffa
1291 2365 1326 2430 in
1341 2362 1532 2453 universum
1549 2356 1745 2451 aboleretur,
1775 2388 1889 2463 agere·

579 2472 674 2540 ntus,
700 2455 812 2547 prodit
834 2457 934 2521 denuo
954 2455 1060 2542 scriba
1077 2456 1155 2535 este,
1188 2480 1289 2546 atque
1303 2459 1436 2527 eandem
1452 2461 1647 2529 cantilenam
1661 2472 1761 2532 canit.
1811 2463 1887 2535 Ad·
2002 2513 2005 2517 >

578 2545 715 2644 disque,
732 2539 931 2645 nequidem
941 2551 989 2634 fic
1005 2547 1158 2638 dosuiffe,
1180 2567 1219 2616 ut
1236 2546 1300 2632 ista
1316 2576 1383 2616 vox
1399 2554 1499 2622 EST
1510 2559 1543 2620 in
1554 2558 1755 2647 presentibus
1764 2555 1888 2647 chresto·

578 2646 690 2718 verbis
706 2667 764 2742 pro
790 2645 869 2719 SIG
878 2643 1188 2738 NIFICATposito
1198 2644 1262 2733 stt,
1295 2662 1332 2712 at
1347 2668 1425 2741 ogre
1435 2647 1598 2738 scripture
1614 2648 1798 2733 testimoniis
1807 2684 1887 2754 pro.

578 2738 702 2835 bavsffl
723 2747 770 2816 ud
786 2743 873 2814 hunc
887 2743 1019 2836 modum
1035 2746 1139 2836 accipi
1155 2738 1291 2810 delere.-
1323 2746 1419 2809 Nam
1435 2738 1491 2828 isti
1500 2743 1674 2830 sermones:
1708 2751 1824 2822 Seme„
1839 2754 1885 2840 ,χι

576 2839 826 2930 verbumDei,
854 2849 928 2913 Luc
945 2838 978 2913 8.
1004 2839 1067 2932 ῥ’,
1100 2845 1196 2936 Ager
1209 2832 1256 2926 est
1269 2835 1428 2926 mundus,
1462 2831 1614 2909 intentans
1628 2840 1714 2908 homo
1732 2844 1775 2930 esi
1793 2855 1884 2918 Dia.

575 2935 685 3024 bolus,
716 2945 787 3019 (ὑέ.
812 2934 947 3012 Martha
969 2964 1023 3029 1·3.
1048 2935 1095 3008 ud
1118 2939 1176 3009 hoc
1186 2936 1374 3033 propofiturn
1389 2935 1600 3026 nilfaciunt‚
1633 2936 1781 3025 Christus
1796 2949 1884 3014 eninr

574 3033 630 3106 hic
638 3033 1042 3135 poraboiics'loquutusfit
1051 3087 1061 3121 ,
1077 3063 1134 3111 non
1149 3040 1250 3109 etiarn
1261 3031 1353 3125 illic,
1371 3057 1447 3103 cnm
1456 3033 1559 3103 dicit.-
1585 3035 1672 3106 Hoc
1688 3033 1739 3106 est
1749 3063 1884 3138 corpus

579 3149 713 3215 meum.
762 3139 829 3207 cus·
853 3135 1003 3208 breviter,
1023 3136 1254 3231 respondimus:
1289 3128 1457 3220 Christum
1473 3129 1534 3223 islo
1551 3130 1666 3226 dixaffe
1674 3132 1739 3230 poll
1746 3137 1889 3228 finitam.
1985 3133 1989 3140 “

566 3230 778 3329 parabolam,
808 3233 937 3327 quando
957 3229 1073 3331 tropici
1094 3231 1250 3328 quidem,
1270 3229 1332 3326 sed
1352 3249 1532 3303 tamennon
1549 3232 1882 3329 ampliuspaeraboliai

570 3327 784 3425 loquebatur:
806 3331 943 3428 difflrre
958 3338 1043 3402 enim
1061 3353 1187 3430 tropum
1205 3334 1247 3409 ἀ
1257 3324 1468 3426 parabolam:
1492 3353 1631 3424 cumque
1648 3327 1738 3424 miffd
1756 3355 1881 3408 comm.

570 3432 654 3501 tione
675 3424 693 3498 l
717 3431 842 3504 Senatu
864 3456 918 3506 nos
933 3431 1168 3530 recepissemus,
1190 3432 1369 3528 sequutum
1384 3424 1430 3518 est
1447 3427 1595 3500 Senatus
1611 3427 1811 3506 Decretum
1827 3455 1879 3508 to-

572 3530 640 3599 tius
655 3530 798 3620 Ecclestu
814 3534 938 3603 nomino
956 3531 1002 3600 ad
1021 3529 1107 3601 huno
1114 3531 1227 3620 ferme
1245 3526 1396 3598 moduni.-
1822 3566 1826 3575 =

574 3640 577 3646 ’
617 3678 647 3721 ,,
674 3624 921 3720 Eucharistia‚
946 3629 1030 3701 Deo
1048 3628 1218 3717 volente,
1238 3628 1346 3726 juxta
1362 3622 1623 3698 institutionem
1644 3623 1801 3722 Christi,
1827 3629 1880 3699 A·

537 3809 538 3813 Ἰ
569 3776 597 3818 ,,
622 3721 918 3824 postolorumque
943 3725 1052 3799 ritum
1075 3720 1229 3895 posthac
1255 3722 1442 3813 utiminor.
1494 3721 1652 3796 Infirmis
1677 3747 1718 3796 ac
1743 3727 1779 3797 in
1806 3722 1880 3797 fide

569 3873 598 3917 ‚‚
623 3821 741 3895 adhuc
761 3820 965 3897 rudioribus
984 3821 1071 3898 fase
1104 3848 1127 3896 o
1145 3824 1211 3895 hac
1221 3821 1302 3894 vice
1311 3821 1565 3893 tantummodo
1575 3840 1695 3892 vetere
1705 3823 1880 3894 moreuti.

577 3970 605 4012 ,‚
630 3917 740 3991 Missa
763 3919 802 3991 in
819 3917 1021 3996 universum
1045 3920 1093 3995 fic
1111 3919 1267 4013 abolita,
1288 3919 1525 4015 antiquata&
1543 3916 1703 4015 ablegata
1721 3915 1816 4010 esto,
1836 3935 1880 3991 ut

571 4063 599 4104 ‚,
621 4038 667 4086 ne
682 4015 834 4090 crastino
853 4017 999 4116 quidem
1015 4018 1075 4093 die
1090 4037 1284 4119 repetatur.

612 4115 733 4194 ⁴Mox-2
752 4114 850 4210 ‚quod
856 4115 1171 4217 filiufmstumqne
1178 4120 1245 4288 ᾗτε,
1259 4117 1455 4215 ⁴tgtutttldta
1465 4113 1511 4211 est
1526 4126 1594 4188 toto
1609 4110 1773 4203 Eculestfi
1799 4133 1881 4205 pre-

574 4250 611 4275 „
696 4246 698 4254 .
1263 4236 1279 4285 s

1730 4286 1732 4291 ¹
1830 4227 1882 4281 ier
