4884 5042
597 557 668 631 274
820 522 1202 609 nrsronrn
1251 518 1691 599 ntrnnouurr
1740 520 1909 618 A.1522.

600 647 612 720 i
644 648 709 723 frus
737 644 1010 723 Praedicationis
1033 638 1227 739 Evangelii
1252 636 1350 737 apud
1372 638 1575 739 Tigurinos
1600 636 1623 712 d
1648 638 1840 739 Zwinglio
1854 643 1911 720 su·,

600 674 734 846 sieptae
762 744 878 839 ordo,
912 766 1019 842 quern
1044 738 1120 838 ipse
1134 740 1187 812 his
1204 737 1360 812 delineat
1377 738 1503 811 verbis,
1513 739 1561 832 (ι)
1588 738 1737 829 „Anno
1753 741 1848 812 enirn
1866 744 1912 814 ab

603 894 633 938 ‚,
658 846 743 919 hinc
766 865 895 941 quarto
922 851 980 936 (ut
1006 841 1181 912 rationem
1206 835 1475 934 praedicationis
1498 833 1632 908 nostrae
1657 836 1796 934 Tiguri
1824 864 1912 935 pro·

535 976 539 986 ¹
605 992 634 1035 ‚,
659 941 831 1042 mulgntae
859 936 1032 1025 habeatis)
1058 934 1213 1007 solidum
1240 933 1481 1032 Evangelium
1508 931 1705 1015 secundum
1731 935 1913 1012 Matthae-

494 1036 500 1044 ’
573 1091 575 1095 -
604 1088 634 1130 ,,
660 1065 721 1113 um
742 1038 959 1139 praedicavi,
979 1058 1052 1130 quo
1071 1053 1235 1128 tempore
1253 1031 1397 1104 illorum
1417 1031 1565 1104 nomina
1581 1053 1626 1102 ne
1643 1031 1820 1106 nominari
1831 1039 1914 1134 qui·

605 1187 634 1230 „
660 1137 740 1208 dem
761 1135 961 1225 audieram,
977 1155 1132 1230 quorum
1152 1127 1316 1202 fadionis
1334 1131 1387 1222 (b)
1408 1154 1466 1202 me
1483 1127 1708 1202 infimulatis.
1745 1131 1912 1230 Adjunxi

606 1283 635 1325 „
663 1232 863 1330 Evangelio
890 1231 1055 1329 protinus
1080 1226 1342 1324 Apostolorum
1365 1226 1463 1320 acta,
1497 1245 1540 1300 ut
1563 1228 1746 1326 Tigurina
1767 1231 1918 1308 ecclelia

606 1381 637 1426 ,‚
662 1330 820 1419 videret,
837 1353 911 1427 quo
930 1325 1060 1424 pallo,
1086 1321 1479 1423 quibusveauthoribus
1487 1323 1728 1426 Evangelium
1739 1352 1918 1430 propaga.

607 1478 638 1521 ,‚
663 1447 741 1503 tum
758 1426 845 1501 effet
861 1451 903 1499 ac
919 1422 1207 1536 promulgatum.
1259 1419 1434 1498 Succeffit
1450 1446 1538 1496 mox
1555 1427 1655 1523 prior
1672 1425 1773 1500 Pauli
1790 1426 1834 1500 ad
1845 1430 1918 1503 Ti·

607 1574 639 1618 ‚‚
664 1525 852 1600 motheum
876 1519 1056 1621 eprstola‚
1099 1517 1198 1618 quod
1224 1521 1315 1595 mire
1337 1521 1521 1598 videretur
1545 1520 1749 1598 conducere
1775 1529 1920 1624 optimo

609 1674 639 1719 „
661 1623 790 1724 gregi,
825 1623 861 1694 in
886 1645 928 1692 ea
953 1621 1048 1692 enim
1076 1618 1190 1694 veluti
1215 1644 1369 1694 canones
1384 1621 1530 1719 quidam
1548 1645 1691 1696 morum
1711 1623 1920 1715 Christiano

609 1731 639 1817 ,',
664 1723 859 1892 difinorum
878 1719 1123 1792 continentur.
1176 1716 1254 1792 Hic
1296 1743 1384 1794 uum
1402 1718 1448 1793 de
1470 1717 1544 1794 fide
1565 1719 1711 1820 quidam
1727 1719 1829 1796 scioli
1845 1749 1921 1802 non

562 1847 564 1851 ·
609 1867 639 1911 ‚,
663 1843 700 1893 re
739 1815 971 1911 esentirent,
1001 1813 1190 1890 secundam
1214 1840 1236 1890 e
1264 1819 1275 1891 i
1309 1816 1404 1893 olam
1427 1817 1472 1893 ad
1489 1818 1662 1894 Timoth.
1679 1818 1822 1915 distuli,
1852 1822 1920 1898 do,

610 1967 640 2010 „
664 1939 845 2008 neceam,
863 1938 946 2012 quae
965 1911 1208 2014 Gallograecis
1225 1842 1359 2016 limpta
1374 1914 1449 2009 est,
1464 1914 1695 2008 enarrassem,
1721 1935 1803 1991 tum
1822 1920 1921 1997 illam

610 2064 641 2107 „
665 2036 810 2113 quoque
834 2011 994 2111 adjunxi.
1045 2012 1236 2107 Cumque,
1261 2015 1339 2110 jam
1357 2010 1445 2085 dieti
1463 2011 1564 2085 scioli
1578 2035 1625 2084 co
1636 2011 1781 2089 insaniae
1797 2041 1839 2092 ac
1852 2021 1924 2094 im·

614 2162 643 2207 „
668 2111 809 2209 pietatis
843 2105 1112 2209 processiffent,
1152 2127 1195 2178 ut
1220 2108 1322 2180 Pauli
1346 2128 1481 2200 nomen
1506 2125 1647 2183 tantum
1680 2131 1756 2182 non
1788 2113 1926 2192 infame

614 2261 644 2304 ‚,
669 2208 879 2299 redderent,
910 2202 1084 2304 jactantes
1110 2203 1191 2277 haec
1216 2204 1276 2353 gia
1300 2201 1460 2297 scilicet,
1493 2227 1576 2304 quae
1602 2205 1783 2279 neminem
1803 2208 1925 2283 offen·

551 2360 556 2365 -
615 2358 646 2402 „
666 2307 778 2401 dunt,
804 2305 899 2402 Quis
916 2301 1061 2378 tandem
1076 2299 1228 2376 Paulus.
1265 2324 1386 2377 nonne
1403 2302 1518 2375 homo
1534 2301 1610 2378 est?
1634 2300 1835 2403 Apostolus
1850 2307 1925 2405 est,

615 2458 655 2502 „.
667 2405 726 2481 sed
744 2403 961 2481 suburbanus
980 2419 1142 2494 tantum,
1168 2422 1244 2474 non
1257 2424 1303 2475 ex
1321 2399 1518 2475 duodecim
1533 2402 1642 2495 viris,
1674 2423 1759 2475 cum
1777 2403 1927 2482 Christo

614 2557 644 2601 „
665 2529 740 2580 non
756 2502 808 2579 est
823 2499 1072 2595 conversatus,
1095 2496 1289 2573 articulum
1307 2496 1395 2572 fidei
1410 2521 1486 2573 non
1501 2497 1731 2599 composuit3
1765 2525 1837 2602 ego
1853 2523 1929 2582 tam

615 2655 647 2699 „
669 2604 783 2679 cuivis
810 2600 973 2678 Thomae
990 2598 1050 2674 vel
1067 2600 1183 2674 Scoto
1197 2595 1309 2675 credo
1353 2621 1434 2673 uam
1450 2595 1580 2675 Paulo.
1630 2597 1803 2673 Enarravi
1821 2604 1929 2679 etiam

619 2755 648 2798 „
664 2702 770 2776 *Petri
785 2723 973 2801 utramque
990 2725 1011 2774 e
1039 2696 1178 2772 istolam
1199 2623 1463 2808 Apostrilorum
1479 2696 1589 2772 antefi
1643 2697 1723 2790 ani,
1741 2700 1930 2800 utliquido

619 2854 648 2897 „
674 2798 860 2896 viderent,
893 2824 939 2876 an
959 2725 1087 2874 coelem
1116 2795 1248 2872 imbuti
1271 2793 1398 2896 spiritu
1411 2794 1535 2870 eadem
1550 2819 1607 2870 am
1635 2822 1659 2871 o
1675 2795 1791 2873 locuti
1808 2796 1931 2877 effentss

620 2952 648 2996 „
676 2899 746 2974 His
770 2899 970 2993 absolutis,
1002 2895 1190 2997 epistolam
1208 2894 1258 2968 ad
1285 2893 1467 2969 Hebraeos
1490 2893 1590 2970 orsus
1612 2894 1721 2985 sum,
1755 2920 1797 2972 ut
1820 2899 1931 2973 Chri.-

620 3051 651 3094 „
674 2997 716 3072 sti
739 2997 957 3074 beneficium
986 2995 1115 3069 clarius
1138 2993 1374 3158 afnolcerent
1397 3016 1439 3065 ac
1464 2992 1637 3092 gloriam:
1697 2991 1774 3068 Hic
1797 2994 1934 3071 discent
1971 3024 1976 3030 ·

622 3147 651 3194 „
677 3095 864 3169 Christum
879 3091 1057 3173 summum
1075 3085 1145 3161 ell‘e
1174 3087 1404 3187 acerdotem,
1437 3114 1480 3168 ac
1491 3092 1567 3203 jam
1585 3089 1699 3176 ferme
1715 3090 1934 3170 didicerunt.

623 3246 652 3288 „
680 3191 766 3265 Nec
781 3190 856 3281 cst,
882 3206 923 3261 ut
942 3209 1000 3259 nre
1017 3187 1244 3283 quorundam
1262 3188 1480 3288 scriptorum
1489 3190 1722 3285 infimuletis,
1740 3217 1822 3268 nam
1833 3217 1933 3266 ante·

524 3306 526 3313 ·
620 3339 652 3387 „
677 3310 783 3382 quam
808 3309 849 3360 ea
871 3283 916 3361 ad
941 3309 1063 3359 manus
1089 3284 1225 3360 nostras
1250 3287 1440 3382 venerint,
1471 3287 1542 3363 orli
1565 3311 1704 3362 eramus
1719 3291 1933 3386 negotium,

625 3437 656 3480 „
677 3379 753 3456 imo
777 3403 860 3457 ante
881 3407 1012 3458 annum
1039 3381 1114 3456 ferd
1144 3383 1300 3484 polliciti
1324 3383 1447 3461 sumus
1473 3385 1510 3459 id
1533 3384 1724 3460 facturum.
1779 3382 1933 3459 Discent

623 3534 653 3579 „
677 3479 790 3575 item,
818 3481 1003 3559 Christum
1022 3505 1094 3557 una
1109 3506 1150 3556 ac
1169 3482 1275 3558 semel
1296 3502 1437 3558 tantum
1455 3480 1576 3556 oblata
1585 3478 1698 3553 hostia
1708 3480 1745 3551 in
1755 3498 1932 3559 aeternum

489 3635 496 3644 ,
622 3631 654 3677 „
679 3576 936 3657 consummass'e
958 3579 1210 3656 sanctificatos.
1271 3579 1367 3653 Haec
1394 3579 1668 3680 plantavimus,
1705 3576 1933 3679 Matthaeus,

1799 3730 1828 3773 „
1854 3680 1935 3754 Lu·

661 3875 710 3960 (a)
731 3869 793 3940 vid.
816 3865 1030 3974 zwmun.
1053 3873 1120 3938 loc.
1144 3819 1586 3956 nn.sot132.n.seripm
1609 3880 1716 3936 autent
1741 3870 1767 3936 is
1794 3874 1866 3942 liber
1893 3879 1936 3946 en

619 3959 699 4198 gg>
725 3957 1158 4196 ἓὲἒῖᾖὲξέἓυώηαη,
1176 4055 1246 4125 qun
1260 4038 1391 4109 nomine
1407 4032 1561 4122 zwngrir
1575 4034 1704 4106 causam
1718 4038 1876 4128 denigrare
1890 4049 1938 4114 al·
1962 4116 1965 4123 ,

691 4149 725 4198 ra
898 4147 907 4193 ι
1485 4161 1490 4170 ·
1647 4194 1650 4203 ,
