4884 5042
1134 557 1148 646 l
1167 559 1282 647 ιη)

564 710 656 787 mico
678 722 816 820 propter
837 703 1013 804 pecuniam
1040 703 1254 791 concedunt,
1282 703 1425 776 animam
1448 704 1535 798 piam
1566 702 1764 778 &amicam
1784 700 1854 775 Dei

565 807 751 885 redimere:
783 804 828 874 ht
849 824 958 871 tamen
984 819 1133 893 propter
1147 797 1369 870 necessitatem
1390 799 1560 895 ipsiusmet
1578 801 1643 895 piae
1661 801 1697 871 ὅ(
1716 797 1873 871 uileuae'

564 902 705 988 arritiiae,
726 921 793 969 non
817 897 985 968 redimunt
1004 917 1079 972 earn,
1096 891 1241 988 gratuita
1264 893 1444 964 charitate?

609 995 664 1066 X.
689 993 790 1077 ltem,
816 1015 878 1061 eur
891 1011 1033 1058 canones
1052 985 1313 1079 poenitentiales,
1339 1013 1374 1059 re
1387 987 1505 1084 ipsa&
1518 1013 1585 1059 non
1604 988 1685 1077 usu,
1702 987 1771 1084 jam
1790 987 1857 1062 diu

480 1157 481 1160 ,
565 1090 608 1170 in
620 1090 718 1161 semet
732 1083 940 1181 abrogati&
957 1081 1100 1152 mortui:
1131 1081 1258 1154 Adhuc
1277 1101 1386 1154 tamen
1400 1085 1552 1178 pecuniis
1565 1085 1780 1155 redimuntur
1792 1108 1857 1179 per

565 1179 812 1255 concessionem
830 1176 1115 1273 indulgentiarum
1133 1194 1293 1268 tanquam
1310 1177 1533 1249 vivacislimi?
1867 1207 1874 1246 :

582 1278 681 1353 .·Xl.
708 1275 810 1361 ltem,
836 1297 898 1345 cur
918 1274 1022 1366 Papa,
1049 1271 1146 1365 cujus
1162 1293 1244 1362 opes
1262 1270 1362 1343 hodie
1380 1272 1454 1344 sunt
1473 1270 1734 1366 opulentisfitnis
1746 1273 1855 1345 Cras-

565 1368 606 1442 fis
632 1366 818 1454 crassiores,
841 1391 908 1436 non
920 1366 961 1436 de
980 1366 1046 1434 luis
1068 1364 1218 1456 pecuniis
1236 1368 1342 1463 magis
1357 1389 1461 1458 quam
1481 1391 1668 1463 pauperum
1692 1366 1874 1441 fidelium:

547 1464 664 1546 ‘struit
686 1487 792 1542 unam,
808 1458 1045 1532 taniunrmodo
1066 1455 1239 1529 Basilicam
1258 1461 1293 1529 S.
1311 1460 1423 1533 Petri?

613 1559 699 1633 Xll.
726 1558 824 1642 ltetn,
851 1555 934 1650 quid
951 1551 1089 1626 remittit
1101 1571 1158 1622 aut
1171 1551 1346 1650 participat
1366 1554 1524 1651 Papaiis,
1546 1555 1605 1651 qui
1619 1580 1679 1651 per
1695 1556 1873 1648 contriti·¹

564 1666 667 1736 onam
689 1649 871 1749 perfedatn
891 1651 948 1745 jus
970 1646 1092 1719 habent
1114 1645 1271 1742 plenariae
1290 1648 1488 1722 remissionis
1508 1651 1546 1734 de
1563 1649 1853 1747 participationis?

589 1748 716 1827 ixllr.
743 1749 845 1833 ltem,
865 1742 948 1839 quid
966 1741 1142 1819 adderetur
1157 1740 1316 1815 Ecclesiae
1345 1743 1426 1815 boni
1442 1745 1591 1840 majoris,
1614 1745 1637 1817 fi
1659 1748 1752 1843 Papa
1762 1746 1855 1821 sicut

563 1839 663 1914 lemel
686 1841 781 1927 facit,
803 1841 847 1909 ita
859 1837 981 1908 centies
996 1836 1030 1906 in
1045 1835 1098 1906 die
1110 1834 1251 1908 cuilibet
1263 1835 1415 1909 fidelium
1433 1838 1491 1910 has
1505 1838 1711 1912 remisfiones
1722 1842 1759 1913 &
1771 1865 1870 1937 par·.

564 1937 625 2016 tici·
646 1937 771 2013 ⁵tiones
793 1931 985 2012 tribueret?
1484 1989 1494 2018 ⁸

614 1961 715 2102 ὢν.
743 2029 798 2098 Ex
813 2051 884 2123 quo
901 2027 991 2119 Papa
1013 2023 1150 2095 lalutem
1170 2023 1295 2120 quaerit
1309 2024 1495 2102 animarum
1516 2029 1719 2121 pervenias,
1740 2029 1855 2129 magis

566 2145 669 2219 quam
689 2122 863 2220 pecunias,
885 2143 947 2190 cur
966 2117 1134 2217 suspendit
1151 2119 1261 2191 literas
1278 2121 1315 2193 ὃ(
1338 2121 1450 2194 venias
1462 2123 1532 2216 jain
1554 2122 1636 2194 olim
1656 2125 1826 2199 concellus
1839 2117 1869 2216 ‚'

538 2220 542 2231 '
563 2242 642 2291 cum
656 2216 717 2289 {int
730 2237 829 2311 aeque
839 2211 999 2287 efficaces.
1773 2269 1778 2282 ,

586 2313 699 2387 ,XV5
727 2312 819 2383 Haec
841 2307 1121 2404 scrupulofiffima
1148 2308 1311 2382 laicorum
1335 2331 1555 2410 argumenta,
1589 2311 1657 2385 sola
1684 2313 1851 2409 potestate

563 2406 798 2503 compescere,
831 2428 891 2477 nec
913 2405 1037 2482 reddita
1058 2404 1184 2479 ratione
1205 2404 1357 2493 diluere,
1388 2406 1442 2481 est.
1456 2407 1641 2482 Ecclesiam
1659 2410 1696 2482 ὃ(
1717 2411 1850 2506 Papam

563 2501 717 2573 hostibus
731 2498 885 2571 ridendos
897 2523 1082 2595 exponere,
1105 2497 1304 2571 &infelices
1317 2501 1526 2573 Christianos
1540 2503 1657 2576 facere.

611 2597 717 2670 XVI.
742 2596 776 2668 Si
796 2617 878 2691 ergo
898 2595 1005 2667 veniae
1022 2592 1205 2665 secundum
1226 2593 1379 2689 spiritum
1398 2597 1434 2670 δε
1446 2617 1591 2670 mentem
1607 2601 1707 2693 Papae
1720 2599 1852 2695 praedi·

563 2712 738 2778 errentur,
766 2688 861 2761 facile
873 2689 928 2759 illa
941 2688 1053 2759 omnia
1066 2688 1291 2777 solverentur,
1309 2691 1381 2762 imo
1393 2716 1461 2764 non
1474 2690 1587 2764 client.

585 2842 588 2849 .
612 2787 733 2859 Xllll.
768 2785 909 2858 valeant
933 2784 1046 2878 itaque
1062 2806 1178 2873 omnes
1196 2782 1244 2853 illi
1269 2785 1467 2883 prophetae,
1497 2786 1557 2884 qui
1577 2786 1695 2859 dieunt
1713 2790 1853 2885 populo

563 2880 709 2968 Christi,
737 2903 817 2974 part,
838 2903 921 2973 pax,
942 2880 978 2950 ὅ(
994 2902 1061 2948 non
1076 2875 1123 2949 est
1136 2901 1213 2971 pax.
1827 2942 1829 2947 .
1867 2918 1870 2922 ·

584 3014 589 3055 f
614 2974 750 3048 XVlll
777 2973 865 3050 Bene
878 2972 1166 3068 agantomnesilli
1182 2972 1374 3070 prophetae,
1397 2977 1456 3073 qui
1468 2975 1586 3050 dicunt
1600 2977 1730 3072 populo
1745 2978 1855 3051 Chri·

564 3068 623 3152 sti,
644 3092 749 3155 crux,
776 3091 880 3153 crux,
902 3068 937 3138 ὃ(
952 3066 1080 3143 nonest
1095 3089 1193 3138 crux.

612 3162 718 3233 XlX.
751 3159 959 3231 Exhortandi
981 3159 1055 3232 sunt
1075 3159 1283 3255 Christiani,
1305 3184 1344 3238 ut
1356 3185 1458 3266 eaput
1470 3163 1571 3239 suum
1591 3165 1771 3240 Christum
1787 3192 1854 3264 per

565 3279 703 3355 poenas,
724 3273 867 3340 mortes,
885 3251 1102 3351 infernosque
1117 3254 1210 3352 sequi
1225 3258 1387 3337 studeant.

582 3349 701 3431 .2XX.
728 3350 781 3452 Ac
800 3345 844 3420 sic
862 3348 973 3454 magist
985 3350 1722 3449 pumilostribulationesinnarecoelum,
1740 3378 1853 3449 quam

563 3442 845 3546 persecurrtatem
865 3445 1151 3543 paciscunlidanr.
1239 3505 1245 3515 .

1080 3597 1408 3724 Muxv11.''
1467 3633 1469 3637 ·
