4884 5042
1215 561 1350 665 (ηομ)

651 711 899 807 consequentur
917 708 1027 780 multo
1043 703 1224 804 ampliora,
1246 732 1348 871 quant
1367 706 1390 779 fi
1407 729 1490 778 vana
1507 701 1735 801 desperatione
1753 703 1940 799 debilitati,

652 832 702 871 w
724 805 921 888 εξυπνιαζονῗες
948 829 1085 874 manum
1110 824 1151 872 ne
1179 802 1242 873 lexi
1271 803 1327 873 'ent
1355 804 1546 874 admovete.
1605 800 1741 868 Etenim
1761 801 1783 870 si
1803 825 1871 873 non
1892 828 1941 875 ex

652 904 789 985 animo,
811 919 920 983 cette,
942 922 981 968 ne
1004 898 1037 967 in
1063 894 1135 967 mul
1174 921 1226 965 am
1247 895 1410 985 incidant,
1430 921 1474 968 ex
1496 891 1612 964 officio
1630 893 1736 964 ferme
1752 893 1858 967 solent
1886 921 1944 968 te·

654 993 827 1091 spondete,
848 1005 968 1081 φενγκσι
991 1013 1049 1074 γαρ
1070 1014 1102 1051 ra
1117 1013 1230 1072 §ppetuu
1253 991 1465 1075 μεμιλῖωμενον.
1516 987 1637 1084 Usque
1659 988 1743 1059 adeo
1752 988 1850 1059 bonis
1863 1015 1946 1063 mo.

654 1087 748 1160 nbns
771 1088 922 1157 severum
936 1082 1068 1178 praellat
1078 1081 1287 1174 exemplum.
1325 1086 1444 1177 ,Atqui
1458 1106 1508 1154 res
1520 1082 1559 1152 fit
1578 1102 1770 1177 utcunque,
1793 1108 1861 1154 non
1874 1085 1946 1156 im-

656 1184 772 1279 pedio,
796 1180 977 1250 nonnullos
997 1199 1104 1246 tamen
1124 1177 1188 1247 hoc
1206 1174 1319 1246 seculo
1339 1175 1490 1247 invenire
1506 1176 1553 1247 est
1572 1200 1650 1247 vere
1671 1178 1880 1272 Epiicopos,
1905 1181 1945 1252 in

657 1300 807 1372 quorum
829 1296 971 1344 numero
991 1272 1073 1340 'sua
1090 1293 1232 1365 quoque
1250 1269 1395 1364 dignitas
1409 1269 1571 1356 habetur,
1594 1272 1653 1365 qui
1669 1273 1742 1342 lunt
1756 1272 1887 1369 pietatis
1901 1299 1946 1349 ac

657 1370 827 1468 religionis
845 1363 983 1435 maximi
1001 1363 1163 1450 cultores,
1185 1385 1274 1456 quos
1292 1364 1383 1459 angit
1402 1365 1520 1461 injuria
1547 1365 1700 1454 Christi,
1730 1367 1788 1462 qui
1809 1367 1947 1442 vesanae

655 1461 882 1536 multitudinis
898 1458 1060 1543 crimina,
1082 1459 1229 1528 maxime
1256 1458 1498 1545 sacerdotum,
1530 1458 1648 1530 dolore
1676 1459 1948 1556 prosequuntur.

655 1561 832 1632 Summam
846 1556 958 1648 itaque
970 1552 1107 1623 illorum
1121 1550 1360 1648 integritatem,
1378 1551 1411 1621 in
1423 1551 1631 1624 accusatione
1643 1554 1704 1625 hac
1717 1557 1949 1650 perseverans,

656 1652 764 1724 videri
777 1650 907 1746 polium
927 1672 994 1716 non
1014 1646 1086 1718 satis
1104 1668 1201 1744 grato
1212 1648 1326 1715 animo
1337 1644 1556 1742 interpretari.
1606 1648 1842 1736 Quamobrem
1867 1653 1948 1746 ejus

658 1747 737 1817 mali
759 1745 919 1816 rationem
937 1740 1072 1810 alteiam
1093 1737 1341 1826 comminiscar,
1364 1765 1485 1835 nempe
1503 1740 1690 1831 inscitiam,
1713 1743 1946 1818 &feretrorum

642 1838 810 1937 ⁸„supinam
833 1839 1074 1937 ignorantiam,
1098 1833 1224 1930 quibus
1251 1858 1334 1920 nos,
1362 1834 1420 1930 qui
1438 1837 1583 1906 dicimur
1609 1838 1763 1925 levitae,
1785 1840 1948 1933 quotidie

657 1959 830 2030 operantes
842 1958 921 2004 cuin
936 1929 1013 1999 filiis
1026 1929 1134 2015 Ceth,
1155 1952 1255 1998 oncta
1270 1929 1508 2022 mysteriorum
1522 1930 1675 2001 involuta
1693 1933 1842 2005 humeris
1861 1960 1946 2029 pot-

647 2024 776 2099 'tanttts
827 2031 904 2100 Sine
921 2023 1109 2108 intelledlu,
1135 2045 1186 2084 nai
1209 2018 1341 2090 vellibat
1367 2045 1506 2112 aeteya,
1529 2022 1675 2096 horarias
1694 2029 1845 2122 preculas
1861 2054 1949 2100 cur·

644 2119 719 2197 ¹lim
738 2123 991 2219 perstrepimus,
1017 2116 1099 2186 nihil
1113 2116 1153 2187 de
1168 2115 1294 2186 ratione
1311 2113 1480 2203 sacrificii,
1503 2118 1585 2188 nihil
1598 2121 1640 2190 de
1659 2141 1723 2190 nttt
1738 2143 1855 2194 cantus
1871 2122 1945 2195 Ec·

562 2212 566 2219 ’
658 2216 828 2290 clcstallici
848 2215 944 2285 nobis
961 2209 1097 2281 constan⁴
1150 2216 1235 2302 Qro
1253 2209 1314 2296 fit,
1336 2231 1374 2279 ut
1391 2206 1493 2282 officii
1513 2212 1616 2283 nostri
1647 2216 1732 2285 made
1757 2239 1946 2310 memores,

646 2302 823 2384 ‘inscelere
844 2308 938 2404 proni
955 2303 1192 2400 prolabamur,
1217 2304 1342 2399 quovis
1358 2303 1476 2376 lenone
1488 2306 1544 2393 (stt
1562 2309 1656 2379 venia
1671 2311 1790 2397 verbo)
1806 2311 1945 2405 turpio.

648 2428 721 2491 res.
770 2403 974 2499 Cujusmodi
1004 2399 1180 2495 peffimum
1210 2401 1336 2470 malum
1365 2400 1517 2492 jodocus
1544 2406 1765 2487 clithroveus,
1799 2404 1949 2479 celebris

648 2498 860 2572 ¹I'arifiorum
879 2495 1105 2593 Theologus,
1130 2495 1293 2567 eliminari
1311 2495 1471 2590 cupiens,
1495 2497 1533 2568 iis
1554 2521 1702 2594 quatuor
1724 2496 1838 2586 libris,
1889 2502 1949 2573 ui.

657 2590 722 2664 bus
735 2595 777 2666 ab
793 2615 996 2683 areumento
1014 2591 1153 2663 titulum
1174 2587 1253 2660 fecit
1267 2589 1538 2662 Elucidatorium
1562 2523 1947 2682 Ecclefiasticutn,lc-

653 2687 765 2761 cleliae
784 2671 936 2760 oiliennn
954 2685 1125 2781 exposuit,
1148 2709 1216 2756 non
1237 2685 1348 2754 minus
1366 2683 1556 2780 simpliciter
1573 2711 1676 2782 quam
1693 2690 1857 2782 apposite,
1877 2691 1946 2762 eti·

655 2805 709 2852 am
722 2786 760 2856 ad
780 2785 1025 2856 vocabulorum
1040 2781 1125 2852 vites
1137 2779 1269 2855 interim
1282 2778 1491 2852 det'cendens.
1546 2783 1709 2853 Praeterea
1722 2782 1872 2855 flosculis
1882 2809 1946 2858 cos

656 2879 938 2950 atnoenillimiseit
955 2872 1073 2948 areolis
1092 2875 1263 2969 leripturae
1285 2873 1399 2967 pallini
1421 2877 1603 2965 adornans,
1621 2900 1698 2972 quis
1717 2877 1843 2963 sensuS,
1867 2902 1945 2974 quo

657 2969 735 3042 loco
754 2977 786 3045 ln
806 2999 847 3045 ex
865 2973 990 3045 dlibliis
1008 2992 1197 3053 mutuatus,
1215 2966 1395 3039 identidem
1413 2970 1568 3043 ostendit.
1620 2973 1726 3066 ldque
1745 2973 1858 3043 verbis
1870 2998 1943 3048 non

657 3069 799 3138 omnino
818 3070 937 3143 mutis.
958 3087 1068 3156 neque
1081 3062 1224 3132 indietis
1242 3061 1349 3156 plane.
1400 3063 1500 3156 Quos
1511 3067 1591 3152 tibi,
1604 3067 1815 3138 'Reverende
1829 3067 1946 3161 Patet,

656 3159 792 3245 dedico,
813 3180 1063 3255 nuncupoque,
1086 3156 1346 3246 munusculum,
1374 3160 1505 3232 [lusum
1520 3161 1679 3234 idoneum
1701 3159 1844 3255 fietus,
1858 3186 1944 3257 pro.

657 3252 749 3327 fedlo
766 3259 907 3354 dignum
926 3251 1105 3349 episcopali
1123 3252 1268 3323 nomine.
1320 3253 1415 3326 Nam
1433 3257 1563 3330 celebre
1580 3257 1628 3329 est
1652 3256 1809 3329 Hebraeis
1826 3259 1946 3354 adagi-

618 3382 620 3388 .
656 3371 716 3420 uin
740 3363 797 3458 pu
817 3365 914 3418 nnat<
937 3361 1010 3417 atta.
1036 3345 1067 3414 h.
1085 3375 1112 3419 e
1132 3349 1164 3419 in
1185 3371 1338 3444 tempore
1356 3351 1536 3446 praebitum
1561 3353 1662 3424 suave
1678 3350 1725 3423 est
1741 3351 1947 3446 opiparum·

654 3466 722 3539 que
748 3441 942 3532 prandium,
963 3440 1038 3514 olus
1056 3447 1090 3514 ἃ
1113 3442 1264 3513 herbulae
1283 3443 1438 3516 virentes.
1490 3451 1605 3542 Atque
1621 3446 1742 3516 nostris
1760 3447 1811 3515 his
1828 3445 1946 3521 Com.

657 3537 825 3607 mentatiis
843 3537 921 3607 nibil
942 3536 987 3606 est
1009 3540 1137 3635 uspiam
1158 3535 1407 3628 tempestiuum
1428 3540 1512 3611 nihil
1532 3541 1661 3634 uspiam
1680 3560 1779 3628 aeque
1797 3537 1949 3630 profici·

648 3655 730 3718 ens,
756 3631 791 3702 dt
804 3631 843 3701 ad
859 3631 1066 3706 intellectum
1075 3628 1087 3720 ,'
1112 3636 1147 3705 dt
1160 3633 1200 3702 ad
1211 3629 1353 3706 effecius
1366 3634 1596 3706 {inseritatem
1643 3634 1740 3700 Sacra
1758 3631 1846 3698 eninr
1861 3654 1947 3708 ver.

656 3725 699 3798 ba
721 3750 800 3821 quae
827 3748 890 3798 tarn
920 3727 1033 3799 scdulo
1058 3729 1227 3815 dtennus,
1248 3728 1331 3797 dum
1359 3727 1464 3795 intelli
1493 3745 1611 3812 untur,
1631 3720 1850 3817 ampledlitur
1868 3751 1946 3804 me.

656 3823 774 3892 moriae
799 3821 1008 3905 llotnaclitts,
1035 3825 1187 3917 adeoque
1206 3823 1392 3916 decoquit,
1418 3750 1633 3911 abitmitque
1667 3816 1702 3888 in
1728 3841 1879 3891 naturam
1902 3828 1946 3902 ὃ(

648 3915 874 4003 Ιὶωίιαῑίοηετιῃ
896 3919 1040 3990 virtutis.
1092 3918 1188 4014 Ergo
1207 3937 1305 3984 tuum
1323 3912 1410 4001 erit,
1437 3912 1503 3985 hoc
1519 3937 1646 3985 munus
1663 3914 1946 3991 Commentario,

646 4032 731 4105 ,tuin
757 4010 944 4111 benigniter
964 4010 1180 4107 lusceptutn,
1203 4003 1510 4112 Advigdantdbme
1527 4006 1680 4103 Ptaesul,
1703 4009 1830 4108 Myttis
1844 4033 1946 4089 curae

614 4158 616 4162 ·
665 4164 670 4171 ·
1360 4128 1363 4135 '
1412 4150 1414 4155 ·
1866 4125 1945 4183 tuae
