4884 5042
1099 577 1235 680 tot.)

416 764 423 771 ·
514 778 539 822 „
558 726 719 817 effebus,
731 724 773 800 ad
789 722 962 826 gremium
975 718 1124 795 ecclesrae
1143 725 1250 798 redire
1262 722 1382 797 vellet:
1409 727 1483 825 ejus
1495 722 1594 799 etiam
1606 727 1709 802 animi
1722 732 1805 827 erga'

514 875 538 916 „
558 824 658 897 illum
675 822 787 896 adhuc
804 823 944 916 quidem
962 812 1044 890 esse:
1071 819 1289 891 vehementer
1306 820 1420 916 itaque
1438 845 1497 917 per
1511 820 1624 894 omnia
1645 823 1731 897 sacra
1744 849 1799 895 ro·

512 971 537 1010 „
582 943 638 991 are
652 938 721 991 tatn
735 914 867 1011 ipsum,
882 936 985 1011 quam
999 910 1122 999 socios,
1134 933 1171 985 ut
1184 912 1331 985 desinant
1344 915 1539 1018 perturbare
1547 918 1737 991 ecclesiam:
1763 918 1797 991 id

512 1064 536 1103 „
557 942 583 1086 fi
601 1011 741 1098 faciant,
761 1008 901 1080 multam
919 1011 966 1078 eis
982 1004 1250 1090 benevolentiam
1270 1008 1462 1104 pollicetur.
1509 1012 1670 1084 Luthero
1688 1036 1799 1085 tamen

511 1159 535 1198 „
559 1109 694 1180 mandat
716 1103 867 1192 interim,
889 1120 935 1182 rut
956 1098 975 1172 ai
996 1103 1139 1173 docendi
1158 1126 1299 1175 munere
1319 1102 1486 1176 discddat:
1513 1107 1633 1176 deinde
1659 1106 1729 1180 dies
1750 1108 1798 1190 6o

510 1255 533 1291 „
584 1201 726 1286 raelinit,
748 1198 839 1269 intra
852 1221 940 1294 quos
957 1196 998 1266 ad
1019 1195 1188 1268 sanitatem
1208 1199 1336 1285 redeat,
1353 1198 1390 1270 &
1410 1197 1487 1269 suos
1510 1196 1579 1291 ipse
1598 1198 1702 1271 libros
1714 1199 1797 1272 abo-

513 1348 537 1386 „
557 1227 638 1380 leat,
665 1295 701 1364 ὅ(
717 1290 908 1365 dodliinam
929 1290 1020 1361 suam
1040 1288 1179 1385 publice
1196 1292 1401 1365 detestetur:
1425 1292 1484 1363 nifi
1503 1313 1640 1388 parcat,
1663 1294 1798 1370 damnat

513 1443 537 1479 „
557 1391 595 1464 ὃ(
609 1387 802 1485 proscribit,
826 1407 865 1458 ut
882 1385 1098 1472 haereticum,
1115 1387 1150 1456 ὅ(
1169 1409 1307 1480 poenam
1321 1385 1454 1483 legibus
1469 1385 1684 1470 constitutam
1698 1388 1797 1484 jubet

511 1536 537 1574 „
559 1482 727 1582 irrogari,
748 1481 784 1553 ὃ(
803 1479 901 1552 sacris
918 1479 1101 1565 interdicit,
1124 1480 1161 1551 ὅ(
1179 1483 1313 1552 mandat
1329 1479 1511 1569 omnibus,
1533 1500 1572 1553 ut
1593 1480 1723 1553 aditum
1743 1483 1795 1578 ip·

510 1630 535 1666 „
559 1579 626 1650 fius
642 1599 745 1675 atque
762 1574 948 1648 sermonem
965 1570 1157 1675 defugiant,
1183 1597 1245 1646 nec
1258 1575 1362 1645 ullam
1375 1597 1445 1646 tem
1457 1599 1537 1646 curn
1550 1600 1591 1647 co
1603 1577 1799 1648 communi‹

510 1724 536 1760 „
556 1691 649 1744 cent:
677 1673 738 1767 qui
757 1669 850 1743 secus
867 1666 1024 1756 fecerint,
1041 1667 1159 1739 iisdem
1174 1667 1306 1765 legibus
1324 1669 1503 1765 poenisque
1522 1668 1675 1757 subiicit,
1689 1671 1725 1742 ὃ(
1738 1671 1799 1744 de-

513 1819 538 1855 „
558 1787 691 1838 cretum
713 1764 780 1835 hoc
797 1763 957 1835 omnibus
974 1761 1008 1831 in
1023 1762 1157 1858 templis
1167 1786 1206 1834 ac
1218 1765 1339 1861 populi
1352 1763 1597 1854 conventibus,
1613 1766 1713 1837 certis
1726 1764 1795 1839 dio·

512 1913 535 1950 „
558 1859 624 1933 bus
635 1858 765 1932 recitari
769 1858 881 1956 jubet.

730 2035 818 2151 Ipsa
837 2052 967 2148 aut-em
982 2010 1106 2120 Bulla
1116 2033 1295 2150 formula
1315 2035 1429 2148 itast
1449 2036 1580 2122 habet:
1630 2136 1632 2140 Ι

557 2200 679 2319 LEO'
692 2242 906 2343 Episcopus,
925 2238 1233 2317 servus-servorum
1251 2239 1332 2316 Dei.
1381 2241 1437 2315 Ad
1450 2261 1646 2342 perpetuam
1665 2242 1712 2317 rei
1723 2266 1794 2319 me·

510 2362 667 2412 mortam.

538 2513 540 2519 .
561 2432 720 2525 Exsurge
732 2429 903 2517 Domine,
923 2434 959 2504 &
973 2431 1086 2528 judica
1101 2432 1232 2504 causam
1251 2453 1370 2521 tuam,
1394 2431 1609 2505 memoresto
1621 2433 1794 2531 imprope.
1899 2468 1907 2479 ·

510 2524 641 2596 riorum
653 2544 810 2610 tuorum,
833 2547 953 2595 eorum
971 2546 1050 2617 quae
1066 2524 1110 2595 ab
1122 2525 1355 2621 insipientibus
1374 2525 1463 2599 frunt
1482 2548 1551 2599 tota
1569 2527 1641 2601 die:
1668 2529 1795 2602 lnclina

508 2642 606 2692 autes
621 2637 694 2690 tuas
710 2616 752 2688 ad
767 2638 880 2711 preces
891 2617 1033 2704 nostras,
1058 2618 1219 2712 quoniam
1233 2616 1454 2698 surrexerunt
1466 2620 1587 2714 vulpes
1603 2645 1800 2715 quaerentes

509 2711 664 2785 demoliri
684 2711 832 2800 vineam,
856 2711 955 2814 cujus
973 2731 1011 2783 tu
1029 2713 1179 2783 torcular
1195 2711 1328 2784 calotsli
1348 2712 1454 2802 solus,
1475 2715 1512 2787 &
1532 2712 1726 2787 ascensurus
1748 2717 1791 2788 ad

510 2828 656 2905 patrem,
678 2808 749 2903 ejus
765 2829 901 2896 cutam,
926 2805 1097 2905 regimen,
1119 2804 1491 2896 &administrationem
1513 2808 1615 2878 Petro
1632 2827 1794 2903 tanquam

508 2901 633 2999 capiti,
657 2903 774 2974 &tuo
799 2901 958 2991 Vicario,
984 2903 1126 2999 ejusque
1148 2900 1410 2987 summioribus,
1437 2901 1538 2972 inllar
1555 2900 1792 2996 triumphantis

509 2995 673 3070 Ecclestae
697 2993 904 3068 commifisti.
954 2997 1190 3069 Exterminare
1206 2995 1324 3069 nititur
1351 3018 1424 3066 eam
1443 3019 1523 3090 aper
1550 2995 1592 3066 dc
1611 2994 1729 3093 sylva,
1753 2997 1796 3070 &-

507 3089 685 3188 singularis
698 3091 788 3164 serus
798 3090 986 3188 depascitur
1001 3116 1086 3164 eam.
1137 3091 1251 3163 Exsur
1276 3114 1295 3162 e
1314 3092 1426 3181 Petre,
1439 3091 1475 3164 &
1490 3114 1554 3188 pro
1566 3090 1719 3186 pastorali
1732 3114 1797 3164 cu.

509 3210 548 3257 ra
562 3184 804 3281 praefata,tibi,
819 3192 873 3274 (ut
885 3185 1066 3282 praefertur
1076 3185 1240 3261 divinitus
1252 3116 1448 3258 demandata
1458 3190 1491 3273 ,)
1514 3185 1647 3258 intende
1660 3185 1694 3257 in
1713 3209 1795 3258 cau·

509 3278 578 3352 sam
592 3277 725 3370 Sandae
741 3281 912 3353 Romanae
929 3281 1108 3368 Ecclesrae,
1132 3283 1246 3355 matris
1265 3282 1419 3353 omnium
1435 3278 1678 3366 Ecclcsrarum‚
1698 3304 1737 3353 ac
1749 3277 1793 3352 fi·

507 3376 560 3449 dei
585 3375 776 3472 magistrae,
802 3399 906 3471 quam
931 3396 993 3466 tu,
1009 3375 1150 3472 jubente
1179 3376 1281 3466 Deo,
1307 3394 1370 3448 tuo
1390 3374 1549 3474 sanguine
1575 3373 1790 3449 consecrasti:

506 3491 766 3566 contraquam,
791 3469 875 3542 sicut
899 3491 937 3543 tu
956 3494 1165 3568 praemonere
1185 3471 1343 3572 dignatus
1364 3493 1416 3559 es,
1439 3468 1615 3569 insurgunt
1634 3469 1791 3574 Magistri

506 3565 702 3651 mendaces,
729 3564 978 3638 introducentes
1007 3565 1109 3639 seuas
1124 3567 1343 3672 perditionis,
1370 3564 1430 3637 srbi
1453 3563 1594 3637 celerem
1618 3565 1792 3638 intentum

507 3659 791 3757 superducentes;
813 3685 961 3757 quorum
982 3661 1099 3761 lingua
1120 3661 1206 3759 ignis
1222 3663 1294 3750 est,
1315 3660 1507 3757 inquietum
1526 3659 1673 3747 malum,
1696 3660 1794 3756 plena

507 3776 639 3827 veneno
656 3755 853 3847 mortifer03
883 3755 941 3853 qui
962 3756 1075 3829 zelum
1098 3781 1250 3828 amarum
1270 3753 1427 3829 habentes
1450 3755 1735 3829 &contentiones
1757 3752 1792 3824 in

507 3847 669 3922 cordibus
682 3849 765 3938 suis,
775 3851 979 3949 gloriantur,
994 3852 1031 3925 ὃ(
1045 3850 1220 3927 mendaces
1232 3850 1307 3926 sunt
1323 3849 1482 3924 adversus
1498 3850 1683 3922 veritatem.
1720 3848 1794 3919 Ex·

507 3938 607 4038 surge
618 3964 657 4016 tu
677 3968 845 4042 quoquc,
866 3946 1064 4043 quaesumus
1083 3947 1201 4037 Paule,
1228 3948 1289 4044 qui
1305 3969 1376 4019 catu
1394 3967 1452 4017 tua
1472 3943 1643 4030 doctrina,
1663 3967 1702 4013 ac
1764 3940 1793 4013 ri

507 4038 672 4155 martyrio
688 4039 886 4119 illuminasti
900 4064 1003 4140 atque
1020 4041 1203 4213 illustrppi.
1246 4041 1434 4139 Jamcnim
1452 4037 1559 4139 surgit
1575 4061 1687 4111 novus
1733 4061 1802 4202 pr·>

1190 4159 1215 4213 ²
1428 4195 1440 4209 s
1708 4157 1731 4232 P
1758 4156 1796 4231 l·
