<?xml version="1.0" encoding="UTF-8"?>
<!DOCTYPE html PUBLIC "-//W3C//DTD XHTML 1.0 Transitional//EN"
    "http://www.w3.org/TR/xhtml1/DTD/xhtml1-transitional.dtd">
<html xmlns="http://www.w3.org/1999/xhtml" xml:lang="en" lang="en">
 <head>
  <title>
</title>
<meta http-equiv="Content-Type" content="text/html;charset=utf-8" />
  <meta name='ocr-system' content='tesseract 3.04.00' />
  <meta name='ocr-capabilities' content='ocr_page ocr_carea ocr_par ocr_line ocrx_word'/>
</head>
<body>
  <div class='ocr_page' id='page_1' title='image "./introductioinhi00gerdgoog/introductioinhi00gerdgoog_0408.png"; bbox 0 0 4884 5042; ppageno 0'>
   <div class='ocr_carea' id='block_1_1' title="bbox 1225 557 1335 653">
    <p class='ocr_par' dir='ltr' id='par_1_1' title="bbox 1225 557 1335 653">
     <span class='ocr_line' id='line_1_1' title="bbox 1225 557 1335 653; baseline -0.036 -1"><span class='ocrx_word' id='word_1_1' title='bbox 1225 557 1335 653; x_wconf 80' lang='lat'>(24)</span> 
     </span>
    </p>
   </div>
   <div class='ocr_carea' id='block_1_2' title="bbox 536 688 1956 3926">
    <p class='ocr_par' dir='ltr' id='par_1_2' title="bbox 629 688 1951 999">
     <span class='ocr_line' id='line_1_2' title="bbox 629 688 1951 800; baseline 0.003 -28"><span class='ocrx_word' id='word_1_2' title='bbox 629 696 793 800; x_wconf 82' lang='lat' dir='ltr'>probitas</span> <span class='ocrx_word' id='word_1_3' title='bbox 818 695 1000 772; x_wconf 79' lang='lat' dir='ltr'>elevabat:</span> <span class='ocrx_word' id='word_1_4' title='bbox 1035 691 1086 764; x_wconf 83' lang='lat' dir='ltr'>ita</span> <span class='ocrx_word' id='word_1_5' title='bbox 1105 692 1188 790; x_wconf 88' lang='lat' dir='ltr'>jure</span> <span class='ocrx_word' id='word_1_6' title='bbox 1212 696 1356 790; x_wconf 87' lang='lat' dir='ltr'>optimo</span> <span class='ocrx_word' id='word_1_7' title='bbox 1383 688 1582 769; x_wconf 82' lang='lat' dir='ltr'>studiorum</span> <span class='ocrx_word' id='word_1_8' title='bbox 1608 693 1767 771; x_wconf 64' lang='lat' dir='ltr'>aueum</span> <span class='ocrx_word' id='word_1_9' title='bbox 1785 699 1951 783; x_wconf 69' lang='lat' dir='ltr'>audiaris</span> 
     </span>
     <span class='ocr_line' id='line_1_3' title="bbox 631 790 1947 891; baseline 0.001 -19"><span class='ocrx_word' id='word_1_10' title='bbox 631 800 849 872; x_wconf 83' lang='lat' dir='ltr'>existimatio</span> <span class='ocrx_word' id='word_1_11' title='bbox 871 790 1113 868; x_wconf 80' lang='lat' dir='ltr'><strong>commendat.</strong></span> <span class='ocrx_word' id='word_1_12' title='bbox 1156 791 1357 885; x_wconf 82' lang='lat' dir='ltr'>Adjuvabit</span> <span class='ocrx_word' id='word_1_13' title='bbox 1373 793 1413 866; x_wconf 71' lang='grc' dir='ltr'>ὅ(</span> <span class='ocrx_word' id='word_1_14' title='bbox 1432 794 1545 884; x_wconf 88' lang='lat' dir='ltr'>illud,</span> <span class='ocrx_word' id='word_1_15' title='bbox 1569 799 1666 890; x_wconf 91' lang='lat' dir='ltr'>quod</span> <span class='ocrx_word' id='word_1_16' title='bbox 1688 820 1821 891; x_wconf 81' lang='lat' dir='ltr'>praeter</span> <span class='ocrx_word' id='word_1_17' title='bbox 1838 801 1947 880; x_wconf 84' lang='lat' dir='ltr'>istam</span> 
     </span>
     <span class='ocr_line' id='line_1_4' title="bbox 632 889 1947 999; baseline -0.001 -30"><span class='ocrx_word' id='word_1_18' title='bbox 632 897 846 994; x_wconf 74' lang='lat' dir='ltr'>penitiorem</span> <span class='ocrx_word' id='word_1_19' title='bbox 873 889 1074 966; x_wconf 71' lang='lat' dir='ltr'>doctrinam</span> <span class='ocrx_word' id='word_1_20' title='bbox 1097 908 1220 980; x_wconf 87' lang='lat' dir='ltr'>tuam,</span> <span class='ocrx_word' id='word_1_21' title='bbox 1245 891 1353 961; x_wconf 79' lang='lat' dir='ltr'>etiam</span> <span class='ocrx_word' id='word_1_22' title='bbox 1373 890 1434 961; x_wconf 81' lang='lat' dir='ltr'>illa</span> <span class='ocrx_word' id='word_1_23' title='bbox 1452 893 1488 962; x_wconf 91' lang='lat' dir='ltr'>in</span> <span class='ocrx_word' id='word_1_24' title='bbox 1506 891 1636 966; x_wconf 88' lang='lat' dir='ltr'>scholis</span> <span class='ocrx_word' id='word_1_25' title='bbox 1655 893 1832 990; x_wconf 85' lang='lat' dir='ltr'>solennia,</span> <span class='ocrx_word' id='word_1_26' title='bbox 1856 924 1947 999; x_wconf 80' lang='lat' dir='ltr'>quae</span> 
     </span>
    </p>

    <p class='ocr_par' dir='ltr' id='par_1_3' title="bbox 536 983 1949 2069">
     <span class='ocr_line' id='line_1_5' title="bbox 536 983 1946 1092; baseline 0.002 -27"><span class='ocrx_word' id='word_1_27' title='bbox 536 1014 539 1020; x_wconf 70' lang='grc'>“</span> <span class='ocrx_word' id='word_1_28' title='bbox 631 997 756 1067; x_wconf 76' lang='lat' dir='ltr'>caeteri</span> <span class='ocrx_word' id='word_1_29' title='bbox 776 993 846 1066; x_wconf 84' lang='lat' dir='ltr'>sola</span> <span class='ocrx_word' id='word_1_30' title='bbox 865 989 1044 1087; x_wconf 85' lang='lat' dir='ltr'>probant,</span> <span class='ocrx_word' id='word_1_31' title='bbox 1070 983 1119 1057; x_wconf 88' lang='lat' dir='ltr'>fic</span> <span class='ocrx_word' id='word_1_32' title='bbox 1137 987 1244 1059; x_wconf 78' lang='lat' dir='ltr'>callos</span> <span class='ocrx_word' id='word_1_33' title='bbox 1262 1010 1454 1083; x_wconf 82' lang='lat' dir='ltr'>renesque,</span> <span class='ocrx_word' id='word_1_34' title='bbox 1480 1011 1611 1062; x_wconf 90' lang='lat' dir='ltr'>utnon</span> <span class='ocrx_word' id='word_1_35' title='bbox 1628 994 1718 1064; x_wconf 84' lang='lat' dir='ltr'>alius</span> <span class='ocrx_word' id='word_1_36' title='bbox 1735 999 1871 1092; x_wconf 80' lang='lat' dir='ltr'>magis,</span> <span class='ocrx_word' id='word_1_37' title='bbox 1896 1023 1946 1075; x_wconf 84' lang='lat' dir='ltr'>ne</span> 
     </span>
     <span class='ocr_line' id='line_1_6' title="bbox 683 1085 1947 1189; baseline 0.004 -28"><span class='ocrx_word' id='word_1_38' title='bbox 683 1089 729 1161; x_wconf 95' lang='lat' dir='ltr'>od</span> <span class='ocrx_word' id='word_1_39' title='bbox 749 1089 887 1180; x_wconf 82' lang='lat' dir='ltr'><strong>solent,</strong></span> <span class='ocrx_word' id='word_1_40' title='bbox 910 1085 1068 1159; x_wconf 85' lang='lat' dir='ltr'>cavillari</span> <span class='ocrx_word' id='word_1_41' title='bbox 1087 1106 1243 1181; x_wconf 78' lang='lat' dir='ltr'>queant,</span> <span class='ocrx_word' id='word_1_42' title='bbox 1266 1085 1370 1156; x_wconf 91' lang='lat' dir='ltr'>teob</span> <span class='ocrx_word' id='word_1_43' title='bbox 1391 1087 1426 1157; x_wconf 92' lang='lat' dir='ltr'>id</span> <span class='ocrx_word' id='word_1_44' title='bbox 1444 1087 1487 1156; x_wconf 88' lang='lat' dir='ltr'>ad</span> <span class='ocrx_word' id='word_1_45' title='bbox 1507 1087 1682 1161; x_wconf 89' lang='lat' dir='ltr'>diversum</span> <span class='ocrx_word' id='word_1_46' title='bbox 1704 1090 1810 1164; x_wconf 88' lang='lat' dir='ltr'>studii</span> <span class='ocrx_word' id='word_1_47' title='bbox 1829 1118 1947 1189; x_wconf 71' lang='lat' dir='ltr'>genus</span> 
     </span>
     <span class='ocr_line' id='line_1_7' title="bbox 629 1111 1945 1283; baseline 0.005 -25"><span class='ocrx_word' id='word_1_48' title='bbox 629 1111 839 1279; x_wconf 74' lang='lat' dir='ltr'>divertille,</span> <span class='ocrx_word' id='word_1_49' title='bbox 875 1184 972 1283; x_wconf 91' lang='lat' dir='ltr'>quod</span> <span class='ocrx_word' id='word_1_50' title='bbox 998 1181 1058 1253; x_wconf 87' lang='lat' dir='ltr'>illa</span> <span class='ocrx_word' id='word_1_51' title='bbox 1083 1205 1207 1277; x_wconf 86' lang='lat' dir='ltr'>parum</span> <span class='ocrx_word' id='word_1_52' title='bbox 1235 1181 1343 1254; x_wconf 82' lang='lat' dir='ltr'>lucris</span> <span class='ocrx_word' id='word_1_53' title='bbox 1368 1183 1555 1257; x_wconf 75' lang='lat' dir='ltr'>assecutus.</span> <span class='ocrx_word' id='word_1_54' title='bbox 1609 1187 1860 1264; x_wconf 85' lang='lat' dir='ltr'>Efficaciffime</span> <span class='ocrx_word' id='word_1_55' title='bbox 1884 1218 1945 1266; x_wconf 90' lang='lat' dir='ltr'>re·</span> 
     </span>
     <span class='ocr_line' id='line_1_8' title="bbox 630 1280 1948 1381; baseline 0.002 -23"><span class='ocrx_word' id='word_1_56' title='bbox 630 1280 746 1375; x_wconf 84' lang='lat' dir='ltr'>fellit,</span> <span class='ocrx_word' id='word_1_57' title='bbox 779 1285 939 1381; x_wconf 81' lang='lat' dir='ltr'>quisquis</span> <span class='ocrx_word' id='word_1_58' title='bbox 964 1302 1120 1353; x_wconf 89' lang='lat' dir='ltr'>errorem</span> <span class='ocrx_word' id='word_1_59' title='bbox 1148 1281 1289 1376; x_wconf 90' lang='lat' dir='ltr'>optime</span> <span class='ocrx_word' id='word_1_60' title='bbox 1314 1284 1430 1353; x_wconf 85' lang='lat' dir='ltr'>novit.</span> <span class='ocrx_word' id='word_1_61' title='bbox 1474 1284 1601 1355; x_wconf 89' lang='lat' dir='ltr'>Nemo</span> <span class='ocrx_word' id='word_1_62' title='bbox 1628 1288 1753 1359; x_wconf 87' lang='lat' dir='ltr'>melius</span> <span class='ocrx_word' id='word_1_63' title='bbox 1777 1289 1948 1367; x_wconf 86' lang='lat' dir='ltr'>medetur</span> 
     </span>
     <span class='ocr_line' id='line_1_9' title="bbox 631 1378 1946 1485; baseline 0.002 -31"><span class='ocrx_word' id='word_1_64' title='bbox 631 1383 784 1474; x_wconf 83' lang='lat' dir='ltr'>morbo,</span> <span class='ocrx_word' id='word_1_65' title='bbox 809 1405 913 1478; x_wconf 74' lang='lat' dir='ltr'>quam</span> <span class='ocrx_word' id='word_1_66' title='bbox 935 1382 992 1452; x_wconf 89' lang='lat' dir='ltr'>cui</span> <span class='ocrx_word' id='word_1_67' title='bbox 1013 1378 1145 1449; x_wconf 89' lang='lat' dir='ltr'>malum</span> <span class='ocrx_word' id='word_1_68' title='bbox 1163 1379 1319 1449; x_wconf 80' lang='lat' dir='ltr'>maxime</span> <span class='ocrx_word' id='word_1_69' title='bbox 1337 1381 1529 1476; x_wconf 85' lang='lat' dir='ltr'>cognitum</span> <span class='ocrx_word' id='word_1_70' title='bbox 1546 1384 1609 1453; x_wconf 85' lang='lat' dir='ltr'>eil.</span> <span class='ocrx_word' id='word_1_71' title='bbox 1646 1385 1738 1456; x_wconf 90' lang='lat' dir='ltr'>Non</span> <span class='ocrx_word' id='word_1_72' title='bbox 1757 1387 1854 1480; x_wconf 91' lang='lat' dir='ltr'>quod</span> <span class='ocrx_word' id='word_1_73' title='bbox 1872 1412 1946 1485; x_wconf 88' lang='lat' dir='ltr'>op·</span> 
     </span>
     <span class='ocr_line' id='line_1_10' title="bbox 630 1475 1948 1577; baseline 0.003 -23"><span class='ocrx_word' id='word_1_74' title='bbox 630 1495 705 1554; x_wconf 90' lang='lat' dir='ltr'>tem</span> <span class='ocrx_word' id='word_1_75' title='bbox 734 1481 805 1552; x_wconf 89' lang='lat' dir='ltr'>hoc</span> <span class='ocrx_word' id='word_1_76' title='bbox 829 1478 1050 1575; x_wconf 84' lang='lat' dir='ltr'>Theologiae</span> <span class='ocrx_word' id='word_1_77' title='bbox 1077 1499 1211 1572; x_wconf 83' lang='lat' dir='ltr'>genus,</span> <span class='ocrx_word' id='word_1_78' title='bbox 1238 1475 1336 1572; x_wconf 93' lang='lat' dir='ltr'>quod</span> <span class='ocrx_word' id='word_1_79' title='bbox 1356 1478 1463 1549; x_wconf 87' lang='lat' dir='ltr'>hodie</span> <span class='ocrx_word' id='word_1_80' title='bbox 1484 1502 1667 1577; x_wconf 90' lang='lat' dir='ltr'>receptum</span> <span class='ocrx_word' id='word_1_81' title='bbox 1687 1482 1738 1554; x_wconf 89' lang='lat' dir='ltr'>est</span> <span class='ocrx_word' id='word_1_82' title='bbox 1758 1486 1794 1554; x_wconf 94' lang='lat' dir='ltr'>in</span> <span class='ocrx_word' id='word_1_83' title='bbox 1812 1483 1948 1562; x_wconf 78' lang='lat' dir='ltr'>scholis</span> 
     </span>
     <span class='ocr_line' id='line_1_11' title="bbox 629 1572 1946 1673; baseline 0.005 -22"><span class='ocrx_word' id='word_1_84' title='bbox 629 1577 834 1652; x_wconf 77' lang='lat' dir='ltr'>obliterari:</span> <span class='ocrx_word' id='word_1_85' title='bbox 870 1577 926 1649; x_wconf 90' lang='lat' dir='ltr'>sed</span> <span class='ocrx_word' id='word_1_86' title='bbox 953 1573 1051 1673; x_wconf 91' lang='lat' dir='ltr'>quod</span> <span class='ocrx_word' id='word_1_87' title='bbox 1072 1572 1265 1646; x_wconf 84' lang='lat' dir='ltr'>acceffione</span> <span class='ocrx_word' id='word_1_88' title='bbox 1283 1578 1414 1648; x_wconf 85' lang='lat' dir='ltr'>veteris</span> <span class='ocrx_word' id='word_1_89' title='bbox 1431 1602 1598 1672; x_wconf 89' lang='lat' dir='ltr'>veraeque</span> <span class='ocrx_word' id='word_1_90' title='bbox 1616 1582 1850 1671; x_wconf 78' lang='lat' dir='ltr'>litteraturae,</span> <span class='ocrx_word' id='word_1_91' title='bbox 1877 1608 1946 1657; x_wconf 88' lang='lat' dir='ltr'>cu-</span> 
     </span>
     <span class='ocr_line' id='line_1_12' title="bbox 630 1671 1946 1774; baseline 0.006 -29"><span class='ocrx_word' id='word_1_92' title='bbox 630 1675 725 1774; x_wconf 84' lang='lat' dir='ltr'>piam</span> <span class='ocrx_word' id='word_1_93' title='bbox 747 1677 784 1748; x_wconf 85' lang='lat'>&amp;</span> <span class='ocrx_word' id='word_1_94' title='bbox 803 1676 1020 1772; x_wconf 82' lang='lat' dir='ltr'><strong>locupletius</strong></span> <span class='ocrx_word' id='word_1_95' title='bbox 1038 1673 1160 1764; x_wconf 82' lang='lat' dir='ltr'>reddi,</span> <span class='ocrx_word' id='word_1_96' title='bbox 1189 1673 1226 1747; x_wconf 72' lang='grc' dir='ltr'>δ(</span> <span class='ocrx_word' id='word_1_97' title='bbox 1247 1671 1465 1773; x_wconf 85' lang='lat' dir='ltr'>castigatius.</span> <span class='ocrx_word' id='word_1_98' title='bbox 1508 1679 1642 1771; x_wconf 89' lang='lat' dir='ltr'>Neque</span> <span class='ocrx_word' id='word_1_99' title='bbox 1660 1682 1754 1751; x_wconf 88' lang='lat' dir='ltr'>enim</span> <span class='ocrx_word' id='word_1_100' title='bbox 1775 1681 1859 1752; x_wconf 91' lang='lat' dir='ltr'>hinc</span> <span class='ocrx_word' id='word_1_101' title='bbox 1879 1705 1946 1754; x_wconf 85' lang='lat' dir='ltr'>va·</span> 
     </span>
     <span class='ocr_line' id='line_1_13' title="bbox 630 1772 1945 1872; baseline 0.005 -26"><span class='ocrx_word' id='word_1_102' title='bbox 630 1772 770 1847; x_wconf 85' lang='lat' dir='ltr'>eillabit</span> <span class='ocrx_word' id='word_1_103' title='bbox 796 1774 968 1848; x_wconf 86' lang='lat' dir='ltr'>sacrarum</span> <span class='ocrx_word' id='word_1_104' title='bbox 998 1772 1229 1865; x_wconf 68' lang='lat' dir='ltr'>Liternum,</span> <span class='ocrx_word' id='word_1_105' title='bbox 1267 1794 1330 1846; x_wconf 88' lang='lat' dir='ltr'>aut</span> <span class='ocrx_word' id='word_1_106' title='bbox 1355 1773 1633 1872; x_wconf 85' lang='lat' dir='ltr'>Theologorum</span> <span class='ocrx_word' id='word_1_107' title='bbox 1662 1777 1879 1870; x_wconf 71' lang='lat' dir='ltr'>auctoritas,</span> <span class='ocrx_word' id='word_1_108' title='bbox 1918 1779 1945 1854; x_wconf 87' lang='lat' dir='ltr'>li</span> 
     </span>
     <span class='ocr_line' id='line_1_14' title="bbox 632 1871 1949 2042; baseline 0.006 -98"><span class='ocrx_word' id='word_1_109' title='bbox 632 1872 796 2042; x_wconf 57' lang='lat' dir='ltr'>guardam</span> <span class='ocrx_word' id='word_1_110' title='bbox 825 1872 972 1972; x_wconf 81' lang='lat' dir='ltr'>posthac</span> <span class='ocrx_word' id='word_1_111' title='bbox 1001 1872 1184 1944; x_wconf 89' lang='lat' dir='ltr'>emendata</span> <span class='ocrx_word' id='word_1_112' title='bbox 1211 1874 1399 1969; x_wconf 84' lang='lat' dir='ltr'>legentur,</span> <span class='ocrx_word' id='word_1_113' title='bbox 1427 1896 1508 1966; x_wconf 85' lang='lat' dir='ltr'>quae</span> <span class='ocrx_word' id='word_1_114' title='bbox 1535 1871 1700 1943; x_wconf 67' lang='lat' dir='ltr'>haelenus</span> <span class='ocrx_word' id='word_1_115' title='bbox 1721 1875 1949 1952; x_wconf 86' lang='lat' dir='ltr'>habebantur</span> 
     </span>
     <span class='ocr_line' id='line_1_15' title="bbox 657 1966 1949 2069; baseline 0 -25"><span class='ocrx_word' id='word_1_116' title='bbox 657 1994 843 2069; x_wconf 85' lang='lat' dir='ltr'>epravata,</span> <span class='ocrx_word' id='word_1_117' title='bbox 862 1994 922 2045; x_wconf 90' lang='lat' dir='ltr'>aut</span> <span class='ocrx_word' id='word_1_118' title='bbox 942 1970 1070 2044; x_wconf 67' lang='lat' dir='ltr'>rcellus</span> <span class='ocrx_word' id='word_1_119' title='bbox 1091 1971 1360 2065; x_wconf 87' lang='lat' dir='ltr'>intelligentur,</span> <span class='ocrx_word' id='word_1_120' title='bbox 1379 1971 1416 2035; x_wconf 90' lang='lat' dir='ltr'>in</span> <span class='ocrx_word' id='word_1_121' title='bbox 1435 1966 1564 2058; x_wconf 80' lang='lat' dir='ltr'>quibus</span> <span class='ocrx_word' id='word_1_122' title='bbox 1583 1966 1750 2040; x_wconf 78' lang='lat' dir='ltr'>haetenus</span> <span class='ocrx_word' id='word_1_123' title='bbox 1767 1973 1949 2066; x_wconf 82' lang='lat' dir='ltr'>professo-</span> 
     </span>
    </p>

    <p class='ocr_par' dir='ltr' id='par_1_4' title="bbox 629 2059 1956 3926">
     <span class='ocr_line' id='line_1_16' title="bbox 629 2059 1956 2169; baseline -0.008 -25"><span class='ocrx_word' id='word_1_124' title='bbox 629 2089 710 2143; x_wconf 81' lang='lat' dir='ltr'>rum</span> <span class='ocrx_word' id='word_1_125' title='bbox 739 2072 870 2169; x_wconf 85' lang='lat' dir='ltr'>vulgus</span> <span class='ocrx_word' id='word_1_126' title='bbox 895 2065 1200 2145; x_wconf 85' lang='lat' dir='ltr'>hallucinabatur;</span> <span class='ocrx_word' id='word_1_127' title='bbox 1237 2065 1312 2129; x_wconf 93' lang='lat' dir='ltr'>imo</span> <span class='ocrx_word' id='word_1_128' title='bbox 1331 2061 1402 2125; x_wconf 91' lang='lat' dir='ltr'>hoc</span> <span class='ocrx_word' id='word_1_129' title='bbox 1419 2061 1566 2150; x_wconf 84' lang='lat' dir='ltr'>gravior</span> <span class='ocrx_word' id='word_1_130' title='bbox 1584 2059 1775 2134; x_wconf 86' lang='lat' dir='ltr'>habebitur</span> <span class='ocrx_word' id='word_1_131' title='bbox 1793 2069 1956 2147; x_wconf 84' lang='lat' dir='ltr'>illorum.</span> 
     </span>
     <span class='ocr_line' id='line_1_17' title="bbox 631 2150 1947 2258; baseline -0.008 -15"><span class='ocrx_word' id='word_1_132' title='bbox 631 2166 848 2255; x_wconf 60' lang='lat' dir='ltr'>audomar,</span> <span class='ocrx_word' id='word_1_133' title='bbox 882 2186 955 2258; x_wconf 89' lang='lat' dir='ltr'>quo</span> <span class='ocrx_word' id='word_1_134' title='bbox 983 2158 1150 2230; x_wconf 84' lang='lat' dir='ltr'>fincerius</span> <span class='ocrx_word' id='word_1_135' title='bbox 1174 2154 1312 2223; x_wconf 88' lang='lat' dir='ltr'>divinas</span> <span class='ocrx_word' id='word_1_136' title='bbox 1330 2150 1465 2223; x_wconf 82' lang='lat' dir='ltr'>litteras</span> <span class='ocrx_word' id='word_1_137' title='bbox 1484 2154 1739 2228; x_wconf 87' lang='lat' dir='ltr'>intellexerint.</span> <span class='ocrx_word' id='word_1_138' title='bbox 1784 2161 1947 2243; x_wconf 82' lang='lat' dir='ltr'>Primam</span> 
     </span>
     <span class='ocr_line' id='line_1_18' title="bbox 633 2248 1944 2354; baseline -0.007 -12"><span class='ocrx_word' id='word_1_139' title='bbox 633 2268 852 2353; x_wconf 82' lang='lat' dir='ltr'>coitionem,</span> <span class='ocrx_word' id='word_1_140' title='bbox 878 2280 981 2354; x_wconf 90' lang='lat' dir='ltr'>quam</span> <span class='ocrx_word' id='word_1_141' title='bbox 1009 2253 1215 2325; x_wconf 82' lang='lat' dir='ltr'>acerrimam</span> <span class='ocrx_word' id='word_1_142' title='bbox 1234 2265 1342 2319; x_wconf 85' lang='lat' dir='ltr'>vocat</span> <span class='ocrx_word' id='word_1_143' title='bbox 1359 2248 1575 2342; x_wconf 87' lang='lat' dir='ltr'>Terentius,</span> <span class='ocrx_word' id='word_1_144' title='bbox 1606 2277 1670 2324; x_wconf 91' lang='lat' dir='ltr'>nos</span> <span class='ocrx_word' id='word_1_145' title='bbox 1689 2252 1944 2337; x_wconf 76' lang='lat' dir='ltr'>sustinuimus-z·</span> 
     </span>
     <span class='ocr_line' id='line_1_19' title="bbox 631 2344 1947 2462; baseline -0.005 -24"><span class='ocrx_word' id='word_1_146' title='bbox 631 2381 830 2462; x_wconf 84' lang='lat' dir='ltr'>quanquam</span> <span class='ocrx_word' id='word_1_147' title='bbox 859 2356 943 2428; x_wconf 86' lang='lat' dir='ltr'>huic</span> <span class='ocrx_word' id='word_1_148' title='bbox 968 2376 1040 2450; x_wconf 92' lang='lat' dir='ltr'>quo</span> <span class='ocrx_word' id='word_1_149' title='bbox 1068 2374 1111 2421; x_wconf 88' lang='lat' dir='ltr'>ue</span> <span class='ocrx_word' id='word_1_150' title='bbox 1138 2344 1367 2440; x_wconf 83' lang='lat' dir='ltr'>difficultati,</span> <span class='ocrx_word' id='word_1_151' title='bbox 1400 2365 1441 2418; x_wconf 95' lang='lat' dir='ltr'>tu</span> <span class='ocrx_word' id='word_1_152' title='bbox 1468 2371 1534 2420; x_wconf 91' lang='lat' dir='ltr'>ceu</span> <span class='ocrx_word' id='word_1_153' title='bbox 1561 2353 1723 2442; x_wconf 82' lang='lat' dir='ltr'>Geryones</span> <span class='ocrx_word' id='word_1_154' title='bbox 1741 2355 1947 2458; x_wconf 87' lang='lat' dir='ltr'>quispiam,</span> 
     </span>
     <span class='ocr_line' id='line_1_20' title="bbox 630 2374 1951 2560; baseline -0.003 -25"><span class='ocrx_word' id='word_1_155' title='bbox 630 2459 766 2560; x_wconf 85' lang='lat' dir='ltr'>triplici</span> <span class='ocrx_word' id='word_1_156' title='bbox 795 2455 977 2528; x_wconf 84' lang='lat' dir='ltr'>literatura</span> <span class='ocrx_word' id='word_1_157' title='bbox 1001 2374 1214 2539; x_wconf 70' lang='lat' dir='ltr'>inllrueius,</span> <span class='ocrx_word' id='word_1_158' title='bbox 1250 2447 1324 2517; x_wconf 90' lang='lat' dir='ltr'>imo</span> <span class='ocrx_word' id='word_1_159' title='bbox 1351 2464 1407 2516; x_wconf 85' lang='lat' dir='ltr'>tot</span> <span class='ocrx_word' id='word_1_160' title='bbox 1431 2443 1605 2542; x_wconf 80' lang='lat' dir='ltr'>praesidiis</span> <span class='ocrx_word' id='word_1_161' title='bbox 1631 2471 1785 2524; x_wconf 87' lang='lat' dir='ltr'>armatus</span> <span class='ocrx_word' id='word_1_162' title='bbox 1813 2452 1951 2533; x_wconf 87' lang='lat' dir='ltr'>fultus··</span> 
     </span>
     <span class='ocr_line' id='line_1_21' title="bbox 629 2542 1947 2657; baseline -0.002 -26"><span class='ocrx_word' id='word_1_163' title='bbox 629 2577 718 2657; x_wconf 84' lang='lat' dir='ltr'>que,</span> <span class='ocrx_word' id='word_1_164' title='bbox 745 2553 900 2627; x_wconf 83' lang='lat' dir='ltr'>maxime</span> <span class='ocrx_word' id='word_1_165' title='bbox 919 2570 1059 2651; x_wconf 90' lang='lat' dir='ltr'>poteras</span> <span class='ocrx_word' id='word_1_166' title='bbox 1078 2543 1145 2619; x_wconf 80' lang='lat' dir='ltr'>effe</span> <span class='ocrx_word' id='word_1_167' title='bbox 1165 2568 1241 2643; x_wconf 86' lang='lat' dir='ltr'>par.</span> <span class='ocrx_word' id='word_1_168' title='bbox 1272 2542 1331 2616; x_wconf 83' lang='lat' dir='ltr'>Ad</span> <span class='ocrx_word' id='word_1_169' title='bbox 1350 2543 1429 2616; x_wconf 82' lang='lat' dir='ltr'>haec</span> <span class='ocrx_word' id='word_1_170' title='bbox 1449 2544 1556 2618; x_wconf 86' lang='lat' dir='ltr'>video</span> <span class='ocrx_word' id='word_1_171' title='bbox 1574 2546 1947 2656; x_wconf 77' lang='lat' dir='ltr'>necTheseordefore,</span> 
     </span>
     <span class='ocr_line' id='line_1_22' title="bbox 630 2642 1946 2757; baseline -0.004 -26"><span class='ocrx_word' id='word_1_172' title='bbox 630 2654 818 2757; x_wconf 82' lang='lat' dir='ltr'>negotium</span> <span class='ocrx_word' id='word_1_173' title='bbox 846 2651 917 2727; x_wconf 88' lang='lat' dir='ltr'>hoc</span> <span class='ocrx_word' id='word_1_174' title='bbox 944 2646 1048 2724; x_wconf 88' lang='lat' dir='ltr'>semel</span> <span class='ocrx_word' id='word_1_175' title='bbox 1075 2642 1251 2745; x_wconf 80' lang='lat' dir='ltr'>aggrelio.</span> <span class='ocrx_word' id='word_1_176' title='bbox 1293 2642 1394 2714; x_wconf 90' lang='lat' dir='ltr'>Tum</span> <span class='ocrx_word' id='word_1_177' title='bbox 1414 2666 1454 2715; x_wconf 88' lang='lat' dir='ltr'>ea</span> <span class='ocrx_word' id='word_1_178' title='bbox 1471 2643 1521 2716; x_wconf 90' lang='lat' dir='ltr'>est</span> <span class='ocrx_word' id='word_1_179' title='bbox 1538 2647 1648 2719; x_wconf 90' lang='lat' dir='ltr'>animi</span> <span class='ocrx_word' id='word_1_180' title='bbox 1667 2654 1722 2721; x_wconf 89' lang='lat' dir='ltr'>tui</span> <span class='ocrx_word' id='word_1_181' title='bbox 1740 2647 1946 2754; x_wconf 84' lang='lat' dir='ltr'>fortitudo,</span> 
     </span>
     <span class='ocr_line' id='line_1_23' title="bbox 632 2741 1944 2849; baseline -0.003 -19"><span class='ocrx_word' id='word_1_182' title='bbox 632 2773 674 2830; x_wconf 87' lang='lat' dir='ltr'>ut</span> <span class='ocrx_word' id='word_1_183' title='bbox 704 2753 898 2845; x_wconf 84' lang='lat' dir='ltr'>invidiam,</span> <span class='ocrx_word' id='word_1_184' title='bbox 928 2773 1008 2849; x_wconf 88' lang='lat' dir='ltr'>quae</span> <span class='ocrx_word' id='word_1_185' title='bbox 1030 2744 1077 2818; x_wconf 82' lang='lat' dir='ltr'>fic</span> <span class='ocrx_word' id='word_1_186' title='bbox 1095 2768 1139 2817; x_wconf 89' lang='lat' dir='ltr'>ex</span> <span class='ocrx_word' id='word_1_187' title='bbox 1158 2744 1295 2816; x_wconf 83' lang='lat' dir='ltr'>virtute</span> <span class='ocrx_word' id='word_1_188' title='bbox 1311 2741 1444 2815; x_wconf 88' lang='lat' dir='ltr'>eximia</span> <span class='ocrx_word' id='word_1_189' title='bbox 1459 2741 1552 2817; x_wconf 89' lang='lat' dir='ltr'>nasci</span> <span class='ocrx_word' id='word_1_190' title='bbox 1570 2743 1681 2839; x_wconf 91' lang='lat' dir='ltr'>solet,</span> <span class='ocrx_word' id='word_1_191' title='bbox 1708 2752 1944 2835; x_wconf 85' lang='lat' dir='ltr'>quemadmo-</span> 
     </span>
     <span class='ocr_line' id='line_1_24' title="bbox 631 2840 1945 2934; baseline -0.007 -3"><span class='ocrx_word' id='word_1_192' title='bbox 631 2852 716 2930; x_wconf 85' lang='lat' dir='ltr'>dum</span> <span class='ocrx_word' id='word_1_193' title='bbox 746 2878 790 2929; x_wconf 85' lang='lat' dir='ltr'>ex</span> <span class='ocrx_word' id='word_1_194' title='bbox 818 2854 954 2925; x_wconf 87' lang='lat' dir='ltr'>lumine</span> <span class='ocrx_word' id='word_1_195' title='bbox 980 2840 1130 2934; x_wconf 85' lang='lat' dir='ltr'>u&#39;rnbra,</span> <span class='ocrx_word' id='word_1_196' title='bbox 1174 2841 1279 2915; x_wconf 87' lang='lat' dir='ltr'>facile</span> <span class='ocrx_word' id='word_1_197' title='bbox 1306 2862 1535 2917; x_wconf 86' lang='lat' dir='ltr'>contemnas:</span> <span class='ocrx_word' id='word_1_198' title='bbox 1569 2870 1609 2918; x_wconf 88' lang='lat' dir='ltr'>ea</span> <span class='ocrx_word' id='word_1_199' title='bbox 1634 2845 1771 2919; x_wconf 85' lang='lat' dir='ltr'>rursum</span> <span class='ocrx_word' id='word_1_200' title='bbox 1798 2874 1945 2928; x_wconf 87' lang='lat' dir='ltr'>morum</span> 
     </span>
     <span class='ocr_line' id='line_1_25' title="bbox 630 2938 1945 3039; baseline -0.005 -11"><span class='ocrx_word' id='word_1_201' title='bbox 630 2972 775 3028; x_wconf 88' lang='lat' dir='ltr'>tuorum</span> <span class='ocrx_word' id='word_1_202' title='bbox 797 2949 968 3037; x_wconf 88' lang='lat' dir='ltr'>suavitas,</span> <span class='ocrx_word' id='word_1_203' title='bbox 997 2965 1036 3017; x_wconf 91' lang='lat' dir='ltr'>ut</span> <span class='ocrx_word' id='word_1_204' title='bbox 1059 2938 1208 3015; x_wconf 83' lang='lat' dir='ltr'>morosis</span> <span class='ocrx_word' id='word_1_205' title='bbox 1226 2943 1332 3012; x_wconf 87' lang='lat' dir='ltr'>etiam</span> <span class='ocrx_word' id='word_1_206' title='bbox 1353 2940 1495 3035; x_wconf 86' lang='lat' dir='ltr'>placere</span> <span class='ocrx_word' id='word_1_207' title='bbox 1513 2942 1629 3038; x_wconf 77' lang='lat' dir='ltr'>pollis.</span> <span class='ocrx_word' id='word_1_208' title='bbox 1671 2944 1774 3039; x_wconf 85' lang='lat' dir='ltr'>Quid</span> <span class='ocrx_word' id='word_1_209' title='bbox 1792 2949 1945 3022; x_wconf 78' lang='lat' dir='ltr'>multis?</span> 
     </span>
     <span class='ocr_line' id='line_1_26' title="bbox 631 3034 1944 3137; baseline -0.004 -13"><span class='ocrx_word' id='word_1_210' title='bbox 631 3052 768 3125; x_wconf 88' lang='lat' dir='ltr'>Omnia</span> <span class='ocrx_word' id='word_1_211' title='bbox 794 3047 883 3117; x_wconf 87' lang='lat' dir='ltr'>mihi</span> <span class='ocrx_word' id='word_1_212' title='bbox 912 3042 1153 3137; x_wconf 78' lang='lat' dir='ltr'>pollicentur,</span> <span class='ocrx_word' id='word_1_213' title='bbox 1180 3059 1253 3107; x_wconf 92' lang='lat' dir='ltr'>rem</span> <span class='ocrx_word' id='word_1_214' title='bbox 1273 3034 1470 3112; x_wconf 84' lang='lat' dir='ltr'>selicillime</span> <span class='ocrx_word' id='word_1_215' title='bbox 1485 3037 1741 3116; x_wconf 84' lang='lat' dir='ltr'>succelluram:</span> <span class='ocrx_word' id='word_1_216' title='bbox 1771 3069 1861 3119; x_wconf 90' lang='lat' dir='ltr'>unus</span> <span class='ocrx_word' id='word_1_217' title='bbox 1878 3046 1944 3119; x_wconf 88' lang='lat' dir='ltr'>ad·</span> 
     </span>
     <span class='ocr_line' id='line_1_27' title="bbox 631 3132 1945 3239; baseline 0 -22"><span class='ocrx_word' id='word_1_218' title='bbox 631 3143 703 3217; x_wconf 87' lang='lat' dir='ltr'>huc</span> <span class='ocrx_word' id='word_1_219' title='bbox 720 3141 907 3235; x_wconf 88' lang='lat' dir='ltr'>scrupulus</span> <span class='ocrx_word' id='word_1_220' title='bbox 927 3133 1032 3207; x_wconf 87' lang='lat' dir='ltr'>habet</span> <span class='ocrx_word' id='word_1_221' title='bbox 1050 3132 1207 3207; x_wconf 90' lang='lat' dir='ltr'>animum</span> <span class='ocrx_word' id='word_1_222' title='bbox 1228 3158 1372 3229; x_wconf 89' lang='lat' dir='ltr'>meum,</span> <span class='ocrx_word' id='word_1_223' title='bbox 1398 3161 1442 3210; x_wconf 88' lang='lat' dir='ltr'>ne</span> <span class='ocrx_word' id='word_1_224' title='bbox 1463 3137 1527 3212; x_wconf 89' lang='lat' dir='ltr'>sub</span> <span class='ocrx_word' id='word_1_225' title='bbox 1545 3139 1697 3215; x_wconf 90' lang='lat' dir='ltr'>obtentu</span> <span class='ocrx_word' id='word_1_226' title='bbox 1717 3143 1842 3239; x_wconf 85' lang='lat' dir='ltr'>priscae</span> <span class='ocrx_word' id='word_1_227' title='bbox 1862 3147 1945 3217; x_wconf 89' lang='lat' dir='ltr'>lite-</span> 
     </span>
     <span class='ocr_line' id='line_1_28' title="bbox 630 3230 1944 3336; baseline 0 -22"><span class='ocrx_word' id='word_1_228' title='bbox 630 3258 760 3314; x_wconf 84' lang='lat' dir='ltr'>raturoe</span> <span class='ocrx_word' id='word_1_229' title='bbox 788 3230 995 3307; x_wconf 85' lang='lat' dir='ltr'>renascentis</span> <span class='ocrx_word' id='word_1_230' title='bbox 1021 3253 1131 3331; x_wconf 90' lang='lat' dir='ltr'>caput</span> <span class='ocrx_word' id='word_1_231' title='bbox 1160 3235 1297 3333; x_wconf 87' lang='lat' dir='ltr'>erigere</span> <span class='ocrx_word' id='word_1_232' title='bbox 1324 3256 1479 3310; x_wconf 90' lang='lat' dir='ltr'>conetur</span> <span class='ocrx_word' id='word_1_233' title='bbox 1505 3233 1757 3336; x_wconf 86' lang='lat' dir='ltr'>Paganismus:</span> <span class='ocrx_word' id='word_1_234' title='bbox 1794 3261 1833 3311; x_wconf 93' lang='lat' dir='ltr'>ut</span> <span class='ocrx_word' id='word_1_235' title='bbox 1860 3240 1944 3314; x_wconf 88' lang='lat' dir='ltr'>sunt</span> 
     </span>
     <span class='ocr_line' id='line_1_29' title="bbox 632 3331 1942 3432; baseline -0.005 -20"><span class='ocrx_word' id='word_1_236' title='bbox 632 3333 669 3412; x_wconf 79' lang='lat' dir='ltr'>dt</span> <span class='ocrx_word' id='word_1_237' title='bbox 698 3337 792 3409; x_wconf 91' lang='lat' dir='ltr'>inter</span> <span class='ocrx_word' id='word_1_238' title='bbox 819 3331 1064 3428; x_wconf 87' lang='lat' dir='ltr'>Christianos,</span> <span class='ocrx_word' id='word_1_239' title='bbox 1095 3334 1156 3431; x_wconf 90' lang='lat' dir='ltr'>qui</span> <span class='ocrx_word' id='word_1_240' title='bbox 1175 3334 1286 3408; x_wconf 91' lang='lat' dir='ltr'>titulo</span> <span class='ocrx_word' id='word_1_241' title='bbox 1306 3357 1399 3432; x_wconf 64' lang='lat' dir='ltr'>pene,</span> <span class='ocrx_word' id='word_1_242' title='bbox 1412 3333 1586 3408; x_wconf 83' lang='lat' dir='ltr'>duntaxat</span> <span class='ocrx_word' id='word_1_243' title='bbox 1604 3334 1790 3408; x_wconf 85' lang='lat' dir='ltr'>Christum</span> <span class='ocrx_word' id='word_1_244' title='bbox 1810 3355 1942 3426; x_wconf 87' lang='lat' dir='ltr'>agnos·</span> 
     </span>
     <span class='ocr_line' id='line_1_30' title="bbox 630 3428 1941 3529; baseline -0.002 -19"><span class='ocrx_word' id='word_1_245' title='bbox 630 3455 740 3529; x_wconf 85' lang='lat' dir='ltr'>curu,</span> <span class='ocrx_word' id='word_1_246' title='bbox 760 3452 931 3510; x_wconf 87' lang='lat' dir='ltr'>caeterum</span> <span class='ocrx_word' id='word_1_247' title='bbox 952 3438 1047 3510; x_wconf 89' lang='lat' dir='ltr'>intus</span> <span class='ocrx_word' id='word_1_248' title='bbox 1065 3432 1319 3509; x_wconf 87' lang='lat' dir='ltr'>Gentilitatem</span> <span class='ocrx_word' id='word_1_249' title='bbox 1339 3431 1494 3524; x_wconf 87' lang='lat' dir='ltr'>spirant:</span> <span class='ocrx_word' id='word_1_250' title='bbox 1519 3452 1604 3522; x_wconf 87' lang='lat' dir='ltr'>aut,</span> <span class='ocrx_word' id='word_1_251' title='bbox 1624 3455 1668 3502; x_wconf 93' lang='lat' dir='ltr'>ne</span> <span class='ocrx_word' id='word_1_252' title='bbox 1678 3428 1941 3507; x_wconf 81' lang='lat' dir='ltr'>renascentibus</span> 
     </span>
     <span class='ocr_line' id='line_1_31' title="bbox 630 3523 1940 3628; baseline -0.015 -20"><span class='ocrx_word' id='word_1_253' title='bbox 630 3530 872 3610; x_wconf 78' lang='lat' dir='ltr'>Hebraeorum</span> <span class='ocrx_word' id='word_1_254' title='bbox 901 3537 1034 3628; x_wconf 86' lang='lat' dir='ltr'>literis,</span> <span class='ocrx_word' id='word_1_255' title='bbox 1067 3532 1268 3626; x_wconf 88' lang='lat' dir='ltr'>Judaismus</span> <span class='ocrx_word' id='word_1_256' title='bbox 1294 3526 1488 3600; x_wconf 90' lang='lat' dir='ltr'>meditetur</span> <span class='ocrx_word' id='word_1_257' title='bbox 1514 3550 1581 3623; x_wconf 89' lang='lat' dir='ltr'>per</span> <span class='ocrx_word' id='word_1_258' title='bbox 1597 3523 1823 3597; x_wconf 81' lang='lat' dir='ltr'>occasionem</span> <span class='ocrx_word' id='word_1_259' title='bbox 1843 3529 1940 3600; x_wconf 87' lang='lat' dir='ltr'>revi.</span> 
     </span>
     <span class='ocr_line' id='line_1_32' title="bbox 631 3619 1939 3735; baseline -0.002 -30"><span class='ocrx_word' id='word_1_260' title='bbox 631 3630 788 3709; x_wconf 82' lang='lat' dir='ltr'>viscere:</span> <span class='ocrx_word' id='word_1_261' title='bbox 832 3658 900 3730; x_wconf 87' lang='lat' dir='ltr'>qua</span> <span class='ocrx_word' id='word_1_262' title='bbox 926 3635 1023 3735; x_wconf 85' lang='lat' dir='ltr'>pelle</span> <span class='ocrx_word' id='word_1_263' title='bbox 1050 3628 1139 3699; x_wconf 86' lang='lat' dir='ltr'>nihii</span> <span class='ocrx_word' id='word_1_264' title='bbox 1165 3622 1366 3718; x_wconf 81' lang='lat' dir='ltr'>adversius,</span> <span class='ocrx_word' id='word_1_265' title='bbox 1400 3623 1562 3719; x_wconf 89' lang='lat' dir='ltr'>nihilque</span> <span class='ocrx_word' id='word_1_266' title='bbox 1587 3619 1757 3694; x_wconf 79' lang='lat' dir='ltr'>inlenfius</span> <span class='ocrx_word' id='word_1_267' title='bbox 1783 3625 1939 3703; x_wconf 88' lang='lat' dir='ltr'>inveniri</span> 
     </span>
     <span class='ocr_line' id='line_1_33' title="bbox 633 3718 1939 3832; baseline -0.005 -27"><span class='ocrx_word' id='word_1_268' title='bbox 633 3734 751 3832; x_wconf 83' lang='lat' dir='ltr'>potest</span> <span class='ocrx_word' id='word_1_269' title='bbox 779 3733 953 3813; x_wconf 58' lang='lat' dir='ltr'>doetrinae</span> <span class='ocrx_word' id='word_1_270' title='bbox 983 3721 1132 3803; x_wconf 87' lang='lat' dir='ltr'>Christi.</span> <span class='ocrx_word' id='word_1_271' title='bbox 1174 3722 1236 3797; x_wconf 77' lang='lat' dir='ltr'>sic</span> <span class='ocrx_word' id='word_1_272' title='bbox 1260 3728 1355 3796; x_wconf 89' lang='lat' dir='ltr'>enim</span> <span class='ocrx_word' id='word_1_273' title='bbox 1383 3718 1453 3792; x_wconf 86' lang='lat' dir='ltr'>fert</span> <span class='ocrx_word' id='word_1_274' title='bbox 1478 3737 1605 3791; x_wconf 83' lang='lat' dir='ltr'>natura</span> <span class='ocrx_word' id='word_1_275' title='bbox 1629 3741 1748 3794; x_wconf 87' lang='lat' dir='ltr'>rerum</span> <span class='ocrx_word' id='word_1_276' title='bbox 1769 3724 1939 3800; x_wconf 89' lang='lat' dir='ltr'>humana·</span> 
     </span>
     <span class='ocr_line' id='line_1_34' title="bbox 633 3812 1942 3926; baseline -0.006 -22"><span class='ocrx_word' id='word_1_277' title='bbox 633 3853 735 3926; x_wconf 84' lang='lat' dir='ltr'>rum,</span> <span class='ocrx_word' id='word_1_278' title='bbox 771 3855 811 3908; x_wconf 91' lang='lat' dir='ltr'>ut</span> <span class='ocrx_word' id='word_1_279' title='bbox 839 3830 969 3907; x_wconf 83' lang='lat' dir='ltr'>nullius</span> <span class='ocrx_word' id='word_1_280' title='bbox 995 3845 1151 3921; x_wconf 87' lang='lat' dir='ltr'>unquam</span> <span class='ocrx_word' id='word_1_281' title='bbox 1178 3819 1265 3893; x_wconf 92' lang='lat' dir='ltr'>boni</span> <span class='ocrx_word' id='word_1_282' title='bbox 1284 3840 1382 3893; x_wconf 88' lang='lat' dir='ltr'>tanta</span> <span class='ocrx_word' id='word_1_283' title='bbox 1399 3814 1507 3890; x_wconf 83' lang='lat' dir='ltr'>luerit</span> <span class='ocrx_word' id='word_1_284' title='bbox 1526 3812 1701 3914; x_wconf 86' lang='lat' dir='ltr'>felicitas,</span> <span class='ocrx_word' id='word_1_285' title='bbox 1728 3823 1814 3919; x_wconf 90' lang='lat' dir='ltr'>quin</span> <span class='ocrx_word' id='word_1_286' title='bbox 1836 3825 1942 3922; x_wconf 88' lang='lat' dir='ltr'>hujus</span> 
     </span>
    </p>
   </div>
   <div class='ocr_carea' id='block_1_3' title="bbox 565 3913 1940 4292">
    <p class='ocr_par' dir='ltr' id='par_1_5' title="bbox 565 3913 1940 4231">
     <span class='ocr_line' id='line_1_35' title="bbox 565 3913 1940 4030; baseline -0.004 -24"><span class='ocrx_word' id='word_1_287' title='bbox 565 4002 573 4025; x_wconf 69' lang='lat'>,</span> <span class='ocrx_word' id='word_1_288' title='bbox 631 3950 840 4030; x_wconf 72' lang='lat' dir='ltr'>pretextu,</span> <span class='ocrx_word' id='word_1_289' title='bbox 875 3924 957 3998; x_wconf 79' lang='lat' dir='ltr'>mali</span> <span class='ocrx_word' id='word_1_290' title='bbox 985 3923 1170 4019; x_wconf 85' lang='lat' dir='ltr'>quippiam</span> <span class='ocrx_word' id='word_1_291' title='bbox 1199 3914 1305 3991; x_wconf 85' lang='lat' dir='ltr'>srmul</span> <span class='ocrx_word' id='word_1_292' title='bbox 1331 3934 1522 3992; x_wconf 86' lang='lat' dir='ltr'>conaretur</span> <span class='ocrx_word' id='word_1_293' title='bbox 1547 3913 1713 4014; x_wconf 89' lang='lat' dir='ltr'>irrepere.</span> <span class='ocrx_word' id='word_1_294' title='bbox 1765 3924 1940 4020; x_wconf 87' lang='lat' dir='ltr'>Optarim</span> 
     </span>
     <span class='ocr_line' id='line_1_36' title="bbox 631 4010 1940 4121; baseline -0.005 -16"><span class='ocrx_word' id='word_1_295' title='bbox 631 4026 676 4105; x_wconf 80' lang='lat' dir='ltr'>l‘ri</span> <span class='ocrx_word' id='word_1_296' title='bbox 708 4032 778 4102; x_wconf 82' lang='lat' dir='ltr'>idas</span> <span class='ocrx_word' id='word_1_297' title='bbox 799 4024 876 4097; x_wconf 81' lang='lat' dir='ltr'>istas</span> <span class='ocrx_word' id='word_1_298' title='bbox 895 4021 1072 4121; x_wconf 81' lang='lat' dir='ltr'>argutias,</span> <span class='ocrx_word' id='word_1_299' title='bbox 1097 4038 1159 4091; x_wconf 87' lang='lat' dir='ltr'>aut</span> <span class='ocrx_word' id='word_1_300' title='bbox 1174 4017 1352 4113; x_wconf 85' lang='lat' dir='ltr'>amputari</span> <span class='ocrx_word' id='word_1_301' title='bbox 1372 4010 1535 4110; x_wconf 89' lang='lat' dir='ltr'>prorsus,</span> <span class='ocrx_word' id='word_1_302' title='bbox 1561 4038 1623 4089; x_wconf 86' lang='lat' dir='ltr'>aut</span> <span class='ocrx_word' id='word_1_303' title='bbox 1642 4039 1741 4093; x_wconf 89' lang='lat' dir='ltr'>certe</span> <span class='ocrx_word' id='word_1_304' title='bbox 1758 4018 1846 4094; x_wconf 88' lang='lat' dir='ltr'>solas</span> <span class='ocrx_word' id='word_1_305' title='bbox 1865 4048 1940 4098; x_wconf 88' lang='lat' dir='ltr'>non</span> 
     </span>
     <span class='ocr_line' id='line_1_37' title="bbox 628 4054 1940 4231; baseline -0.008 -30"><span class='ocrx_word' id='word_1_306' title='bbox 628 4054 704 4208; x_wconf 52' lang='lat' dir='ltr'>eid</span> <span class='ocrx_word' id='word_1_307' title='bbox 724 4121 950 4223; x_wconf 81' lang='lat' dir='ltr'>Theologis,</span> <span class='ocrx_word' id='word_1_308' title='bbox 977 4117 1015 4200; x_wconf 74' lang='lat' dir='ltr'>lt</span> <span class='ocrx_word' id='word_1_309' title='bbox 1041 4113 1210 4217; x_wconf 68' lang='lat' dir='ltr'>Cbn&#39;starn</span> <span class='ocrx_word' id='word_1_310' title='bbox 1231 4111 1335 4190; x_wconf 83' lang='lat' dir='ltr'>illum</span> <span class='ocrx_word' id='word_1_311' title='bbox 1353 4112 1568 4213; x_wconf 80' lang='lat' dir='ltr'>simplicem</span> <span class='ocrx_word' id='word_1_312' title='bbox 1586 4139 1628 4192; x_wconf 78' lang='lat' dir='ltr'>ac</span> <span class='ocrx_word' id='word_1_313' title='bbox 1646 4141 1778 4217; x_wconf 87' lang='lat' dir='ltr'>purum</span> <span class='ocrx_word' id='word_1_314' title='bbox 1797 4123 1940 4231; x_wconf 68' lang='lat' dir='ltr'>penitus</span> 
     </span>
    </p>

    <p class='ocr_par' dir='ltr' id='par_1_6' title="bbox 667 4240 1939 4292">
     <span class='ocr_line' id='line_1_38' title="bbox 667 4240 1939 4292; baseline -0.006 8"><span class='ocrx_word' id='word_1_315' title='bbox 667 4267 701 4282; x_wconf 52' lang='lat'><em>2</em></span> <span class='ocrx_word' id='word_1_316' title='bbox 1882 4240 1939 4292; x_wconf 85' lang='lat' dir='ltr'>rn-</span> 
     </span>
    </p>
   </div>
   <div class='ocr_carea' id='block_1_4' title="bbox 0 0 2446 5042">
    <p class='ocr_par' dir='ltr' id='par_1_7' title="bbox 0 0 2446 5042">
     <span class='ocr_line' id='line_1_39' title="bbox 0 0 2446 5042; baseline 0 4"><span class='ocrx_word' id='word_1_317' title='bbox 0 0 2446 5042; x_wconf 95' lang='lat' dir='ltr'> </span> 
     </span>
    </p>
   </div>
  </div>
 </body>
</html>
