4884 5042
1192 513 1250 590 28.

573 660 787 736 clericorum
806 658 912 755 copia
930 655 1024 747 fuit,
1045 660 1087 727 u't
1104 522 1225 729 faltbm
1245 517 1287 727 id
1299 652 1371 726 hoc
1388 651 1527 751 oppido
1542 652 1796 750 Got'hano'(id
1808 630 1879 734 doss

424 805 426 808 .
572 781 655 831 mos
675 756 718 829 ad
744 755 920 830 summum
947 775 1035 825 tunc
1061 753 1185 826 habuit
1209 752 1319 846 700.)
1355 748 1532 825 alerentur
1557 753 1669 827 XlV.
1698 754 1881 833 Canonici

571 851 661 927 XL.
689 852 897 928 Sacerdotes
923 848 1057 923 XXX.
1093 850 1271 922 Monachi
1298 848 1535 945 Augustiani,
1570 851 1643 923 duo
1670 853 1880 933 Terminati

571 948 706 1022 XXX.
726 950 920 1022 Moniales.
964 947 1017 1018 Hi
1033 945 1143 1048 'saneti
1162 944 1405 1039 habebantur,
1430 949 1492 1041 qui
1510 948 1647 1020 coelum
1668 947 1772 1022 nobis
1790 975 1880 1047 pro·

570 1066 812 1121 mererentur:
848 1046 922 1118 vita
939 1067 1056 1116 aurem
1075 1035 1199 1117 eorum
1218 1039 1416 1139 turpiffima
1432 1043 1470 1117 &
1488 1042 1699 1136 foediffima,
1725 1068 1794 1140 qua
1810 1073 1879 1145 pe.

565 1143 629 1241 jor
655 1144 691 1214 in
718 1142 806 1214 orbe
832 1142 978 1236 reperiri
998 1165 1071 1212 non
1089 1139 1219 1237 potest.
1261 1143 1295 1211 A
1313 1141 1544 1213 matrimonio
1562 1144 1657 1215 enim
1677 1144 1879 1242 prohibiti,

570 1263 638 1314 nec
656 1259 773 1311 tamen
792 1237 1014 1311 continentia
1031 1238 1198 1334 praediti,
1216 1237 1342 1310 urbem
1363 1236 1514 1333 stupris,
1533 1238 1714 1312 adulteriis
1733 1239 1771 1313 ἃ
1790 1266 1879 1338 pec·

571 1339 658 1409 catis
677 1335 900 1407 sodomiticis
917 1333 1123 1431 replebant,
1144 1358 1261 1430 neque
1278 1356 1397 1406 tamen
1415 1337 1573 1408 coerceri
1590 1358 1652 1410 aut
1670 1339 1789 1433 puniri
1808 1363 1879 1436 po·

571 1430 1603 1602 alffiusllllilliti?tllztltlmc{latit
1628 1435 1879 1609 ,lulla
1913 1532 1920 1537 ·

569 1623 739 1715 deberet,
766 1649 881 1723 neque
899 1625 936 1698 id
950 1625 1126 1701 ferebant.
1158 1627 1267 1724 Papae
1287 1580 1485 1720 Caelmem,
1506 1629 1650 1726 Reges,
1668 1629 1878 1728 Principes,

569 1741 735 1818 totasque
767 1724 975 1799 Provincias
1009 1724 1400 1820 excommunicabant,
1435 1723 1473 1799 bt
1508 1747 1635 1799 contra
1659 1723 1693 1800 se
1719 1727 1879 1804 invicem

571 1818 788 1918 instigabant
808 1822 882 1897 &o

1071 2275 1224 2374 Num.
1262 2269 1363 2373 IV.

422 2586 424 2589 ψ
567 2471 968 2650 FRID.
1066 2487 1873 2667 MYCONll,

580 2707 837 2824 ··Antistitis
864 2715 1083 2823 Gothani
1106 2713 1316 2857 Epistola
1339 2715 1399 2816 ad
1423 2716 1622 2819 Paulum
1644 2717 1840 2822 Eberum

734 2863 793 2965 de
818 2859 1095 2967 Primordiis
1120 2855 1393 2959 Emendatae
1416 2860 1701 3009 Religionis.

669 3121 756 3169 uum
773 3116 776 3127 ¹
791 3115 925 3189 praeter
957 3091 1054 3162 illam
1081 3092 1339 3190 generaliorem
1367 3097 1406 3171 de
1432 3114 1585 3194 corrupta
1607 3100 1759 3194 Ecclestae
1777 3099 1872 3191 statu

561 3251 566 3283 ;
677 3189 875 3286 querelam,
910 3189 990 3262 haec
1017 3187 1090 3286 ipsa
1116 3215 1261 3291 quoque
1285 3193 1444 3290 ejusdem
1464 3196 1717 3271 MYCONll
1735 3193 1778 3265 ad
1795 3217 1871 3262 ma-

563 3362 567 3367 ,
678 3308 744 3357 nus
770 3283 905 3361 nostras
931 3290 1133 3387 pervenerit
1161 3290 1325 3390 Epistola
1348 3291 1392 3363 ad
1416 3294 1567 3366 Paulum
1584 3289 1867 3364 tabernarum.

564 3379 751 3457 Februarii
770 3383 816 3456 A.
831 3398 936 3486 1546.
963 3387 1064 3484 data,
1089 3388 1133 3463 de
1144 3392 1339 3486 primordiis
1354 3391 1533 3466 emandare
1548 3391 1741 3482 religionis,
1760 3402 1866 3478 quam

563 3478 616 3552 ob
639 3486 842 3580 argumenti
869 3487 1141 3585 praestantiam,
1175 3509 1221 3558 ex
1248 3483 1430 3556 annalibus
1456 3486 1496 3555 P.
1514 3486 1640 3576 Jemsti
1666 3475 1866 3549 Annaeber·

562 3578 681 3753 geis,
696 3585 862 3680 repetiit,
879 3606 987 3684 atque
1005 3582 1172 3656 tradtatui
1189 3584 1229 3654 de
1245 3577 1465 3654 virasezera·
1478 3576 1500 3648 al
1514 3576 1549 3649 se
1565 3574 1664 3646 edito
1680 3573 1866 3670 subjunxit

419 3732 436 3743 a
563 3750 567 3755 .
604 3678 787 3758 odefridus
804 3677 1109 3768 HECHTIUS,
1127 3695 1206 3749 tum
1224 3673 1506 3750 eandemitidem
1516 3671 1601 3744 huic
1611 3670 1656 3744 de
1667 3672 1866 3770 Evangelio

562 3773 760 3856 Renovato
787 3782 905 3876 Operi
927 3774 1143 3872 subjungere
1166 3772 1280 3847 visum
1306 3771 1398 3865 fuit,
1431 3795 1476 3842 ne
1494 3767 1777 3866 praestantiffimo
1796 3773 1866 3844 hoc

562 3897 801 3953 monumento
815 3889 1037 3966 careremus,
1059 3893 1165 3967 atque
1181 3888 1223 3942 ut
1241 3894 1286 3942 ex
1305 3867 1412 3966 iplius
1431 3866 1600 3965 Myconii
1619 3868 1791 3943 relatione
1810 3870 1865 3941 in·

563 3970 826 4063 formaremus,
853 3969 898 4042 de
922 3993 989 4062 eo,
1024 3971 1122 4067 quod
1146 3990 1192 4041 ex
1219 3969 1352 4041 Melcht
1374 3967 1502 4041 Adami
1527 3965 1699 4040 relatione
1725 3970 1762 4040 in
1788 3967 1865 4064 ipso

564 4071 688 4174 Opere
713 4084 797 4168 pag.
810 4089 869 4167 54.
885 4063 958 4166 leq.
996 4064 1258 4157 enarravimus,
1284 4064 1461 4159 Myconii
1473 4065 1616 4141 somnio
1630 4065 1771 4165 prorsus
1790 4091 1865 4138 me·

626 4211 633 4237 ε
1787 4188 1867 4236 mo·
