4884 5042
1234 584 1341 684 (μ’-κ)

707 728 776 820 tia,
812 722 877 825 ipsi
902 739 1135 821 rne‘propter
1151 722 1326 821 pauculos
1344 718 1510 795 numulo's
1527 722 1739 819 rejicerent,
1764 750 1853 823 quos
1871 753 1950 807 non
2021 789 2038 806 .

641 748 828 901 fidebam.
866 823 923 896 lbi
942 821 1083 894 tandem
1103 818 1145 892 fit
1164 823 1382 911 conventio,
1407 839 1448 890 ut
1467 821 1524 892 vel
1542 821 1677 919 aliquid
1696 822 1838 918 darem,
1866 828 1950 923 vel,

642 940 687 992 ne
712 920 840 993 abesset
867 942 988 993 manus
1012 918 1192 1014 adjutrix,
1219 941 1332 989 unum
1351 915 1508 1015 grossum
1527 919 1660 990 darem.
1702 922 1949 1021 Respondeo,

642 1039 715 1089 non
734 1019 866 1109 habeo,
893 1039 1028 1112 pauper
1043 1015 1132 1088 sum.
1148 1027 1152 1032 ’
1168 1012 1373 1106 Postremo,
1398 1034 1441 1085 ut
1459 1035 1598 1087 tantum
1617 1013 1677 1088 sex
1695 1041 1862 1093 nummos
1881 1021 1947 1095 da·

641 1132 738 1208 rem,
757 1111 973 1211 Respondco
992 1114 1144 1204 iterum,
1161 1135 1207 1184 ne
1215 1135 1403 1183 nummum
1414 1112 1558 1208 quidem
1570 1112 1695 1185 habeo.
1722 1117 1952 1194 Secedebant

641 1209 716 1304 illi,
752 1216 788 1287 &
815 1210 1136 1308 colloquebantur,
1162 1232 1203 1281 ac
1222 1208 1266 1280 de
1284 1209 1420 1282 duabus
1438 1208 1541 1282 rebus
1560 1213 1714 1283 maxime
1731 1237 1792 1286 eos
1810 1214 1950 1289 sollici·

641 1325 697 1380 tos
722 1309 811 1399 else,
837 1307 1043 1398 audiebam,
1070 1308 1193 1394 Primo
1210 1330 1269 1387 me
1285 1307 1388 1378 nullo
1406 1305 1516 1378 modo
1535 1308 1791 1382 dimittendum
1812 1311 1883 1385 fine
1902 1315 1950 1387 lr'·

641 1407 748 1496 teris,
782 1429 826 1477 ne
845 1403 869 1476 li
889 1403 983 1476 sorte
1001 1427 1054 1477 tes
1071 1401 1217 1476 essetab
1235 1405 1312 1475 aliis
1329 1402 1540 1497 subornata,
1569 1407 1703 1502 aliquid
1722 1410 1758 1479 in
1778 1433 1836 1481 me
1851 1409 1950 1485 Tta-

670 1503 772 1591 aediae
799 1503 1037 1592 excitaretur,
1065 1501 1282 1588 cumliterae
1301 1524 1384 1573 vere
1401 1502 1493 1573 hanc
1512 1503 1700 1576 clausulam
1722 1507 1953 1582 continerent

617 1605 619 1608 ’
641 1523 851 1695 ἐσκρενὶὸω
887 1603 973 1672 ratis
984 1625 996 1671 .·
1014 1598 1141 1671 deinde
1157 1598 1291 1696 aliquid
1309 1620 1406 1673 certe
1422 1624 1441 1670 a
1455 1623 1512 1671 me
1530 1602 1803 1698 accipiendum,
1826 1627 1870 1676 ne
1887 1604 1953 1678 alii
2010 1689 2013 1694 ,

641 1697 844 1788 audientes,
864 1624 979 1768 literas
998 1697 1057 1768 has
1070 1694 1343 1794 indulgentiales
1362 1698 1472 1795 gratis
1483 1697 1580 1789 dari,
1601 1719 1678 1770 tota
1688 1700 1792 1772 turba
1803 1701 1951 1774 Scholae

641 1793 682 1868 &
706 1794 953 1879 mendicorum
981 1792 1151 1866 obrueret
1176 1819 1259 1889 eos,
1291 1796 1453 1867 volentes
1479 1793 1608 1889 fioguli
1627 1795 1755 1869 habere
1773 1801 1949 1893 gratuitas

641 1889 892 1988 indulgentias.
936 1892 1059 1965 Finito
1082 1891 1258 1987 consilio,
1282 1893 1467 1965 acceditur
1485 1891 1598 1962 rursus
1615 1890 1658 1961 ad
1675 1915 1753 1984 me,
1781 1896 1818 1967 &
1838 1892 1953 1970 offert

640 1988 730 2059 milri
757 1989 901 2087 quidam
928 1988 986 2063 sex
1012 2014 1198 2081 nummos,
1233 1989 1276 2061 'ut
1303 1990 1383 2059 illos
1412 1991 1529 2058 darem
1554 1986 1814 2080 commissario,
1841 1994 1878 2064 ὅ(
1900 1992 1953 2067 fic

639 2080 745 2158 essem
771 2085 995 2161 conllrudlor
1012 2087 1097 2158 aedis
1115 2088 1216 2156 Petri·
1231 2087 1430 2167 Romanae,
1457 2083 1494 2150 &
1512 2079 1698 2173 oppressor
1715 2084 1950 2183 Torcarum,

641 2185 821 2282 particeps
855 2185 980 2282 gratiae
1015 2177 1173 2264 Christi,
1210 2179 1248 2247 δε
1274 2173 1589 2268 indulgentiarum.
1634 2176 1704 2247 Sed
1732 2177 1806 2269 ibi,
1841 2204 1953 2256 motu

641 2283 798 2375 quodam
829 2279 1003 2376 Spiritus,
1037 2275 1192 2368 ingenue
1216 2272 1316 2361 dixi,
1350 2293 1429 2360 me,
1465 2269 1807 2370 fivellem‘emptas
1826 2276 1949 2350 indul·

639 2384 799 2549 gentias,
833 2377 888 2446 vel
914 2370 1099 2442 divendito
1123 2368 1245 2464 aliquo
1271 2367 1364 2439 libro
1391 2391 1495 2459 meo,
1527 2387 1678 2464 argento
1701 2395 1819 2445 emere
1837 2373 1952 2471 posse.

668 2480 724 2548 ed.
738 2473 865 2546 vellem
889 2473 998 2562 gratis
1025 2469 1067 2550 ἰᾷ
1084 2484 1220 2563 propter
1239 2467 1374 2556 Deum,
1398 2483 1460 2536 aut
1479 2463 1543 2562 ipsi
1563 2465 1750 2542 redderent
1767 2490 1948 2548 rationem

641 2572 726 2646 Deo
746 2569 796 2647 de
823 2562 985 2660 neglecta
1011 2566 1140 2636 animae
1166 2561 1276 2637 salute
1301 2581 1450 2659 propter
1475 2563 1534 2636 sex
1552 2587 1740 2659 nummos,
1768 2592 1874 2667 quem
1894 2589 1951 2643 ta·

639 2691 720 2740 men
749 2667 849 2738 Deus
878 2664 914 2736 ὃ(
944 2664 1038 2760 Papa
1064 2661 1197 2734 vellent
1224 2661 1436 2759 participem
1456 2658 1534 2735 fieri
1554 2660 1759 2735 remiffionis
1777 2687 1950 2763 peccato·

640 2788 745 2857 rum,
766 2787 869 2865 quam
890 2762 993 2834 nobis
1013 2760 1177 2835 Christus
1197 2761 1350 2849 meruit,
1371 2759 1640 2856 &impertivit,
1658 2759 1714 2834 sed
1734 2783 1851 2837 tamen
1869 2790 1947 2839 cre·

638 2864 766 2938 debant
785 2865 882 2936 illam
903 2883 1015 2934 totam
1036 2857 1255 2933 commissam
1275 2855 1343 2937 esse
1356 2860 1526 2930 Romano
1540 2858 1712 2931 Pontifici
1729 2860 1945 2936 distribuen-

637 2963 720 3037 dam
750 2989 816 3060 pro
840 2963 980 3032 >meritis
1008 2957 1252 3052 singulorum,
1286 2955 1343 3027 sed
1365 2959 1565 3049 pauperibus
1587 2967 1708 3052 gratis.
1758 2958 1948 3127 (emerunt

640 3065 806 3149 tandem,
841 3082 860 3125 a
888 3077 1041 3148 quonam
1069 3050 1175 3119 essem
1204 3053 1276 3122 huc
1302 3050 1514 3126 submissus?
1552 3053 1634 3151 Ego
1662 3054 1732 3127 hoc
1759 3080 1796 3126 re
1812 3055 1948 3153 pondi,

641 3159 737 3249 qood
767 3149 978 3223 verisfimum
1007 3151 1102 3237 erat,
1137 3149 1283 3221 anullo
1310 3151 1450 3247 prorsus
1476 3153 1642 3244 homine,
1667 3152 1725 3224 vel
1744 3157 1946 3245 monitore,

638 3253 697 3322 vel
726 3243 939 3342 impulsore,
974 3245 1048 3314 imo
1066 3268 1181 3344 neque
1200 3248 1427 3339 consultore,
1452 3247 1509 3325 sed
1529 3274 1586 3321 me
1602 3274 1734 3337 unum,
1765 3249 1836 3320 fine
1855 3272 1945 3318 con·

600 3396 602 3400 >
640 3336 719 3418 filio
736 3343 845 3417 ullius
865 3342 1040 3432 hominis,
1051 3341 1124 3440 sola
1135 3347 1265 3440 fiducia
1279 3352 1441 3444 gratuitae
1455 3348 1664 3436 remissionis,
1683 3346 1718 3413 in
1733 3345 1843 3414 literis
1858 3365 1944 3435 pro·

640 3441 773 3534 millae,
793 3439 944 3532 fretum,
965 3440 1064 3515 istam
1085 3441 1514 3540 petitionem'inllituisse.
1543 3440 1773 3536 Nequemihi
1784 3461 1944 3531 unquam

641 3567 724 3615 cum
753 3541 859 3613 tantis
879 3542 962 3614 viris
980 3541 1088 3614 talem
1108 3540 1208 3612 suill'e
1225 3536 1475 3635 congressum,
1501 3534 1604 3606 essem
1623 3534 1716 3602 enim
1737 3553 1862 3606 natura
1880 3560 1943 3606 ve·

641 3641 840 3732 secundus,
861 3641 1001 3732 &„nis1
1024 3640 1096 3711 srtis
1114 3636 1240 3729 gratiae
1259 3636 1329 3705 Dei
1341 3637 1377 3708 ὃ(
1389 3629 1592 3705 remissionis
1609 3650 1839 3725 peccatorum
1859 3658 1944 3705 coe·

641 3739 791 3838 gissent,
827 3764 898 3813 non
918 3740 1050 3813 sueram
1071 3730 1205 3828 aliquid
1225 3733 1345 3826 magni
1362 3749 1598 3823 accepturus,
1624 3747 1665 3795 ut
1683 3725 1726 3796 ad
1746 3731 1850 3801 talem
1863 3755 1942 3803 coe·

644 3858 720 3910 tum
739 3862 796 3910 me
811 3841 1012 3938 jungerem.
1041 3831 1174 3901 lterum
1196 3830 1460 3920 promittuntur
1479 3825 1591 3896 litcrae
1608 3846 1743 3920 emptae
1762 3826 1819 3899 sex
1840 3853 1945 3900 num·

641 3939 709 4012 mis
728 3962 806 4011 meo
827 3939 910 4009 1000
929 3936 964 4006 &
983 3927 1070 3999 mihi
1090 3926 1199 4023 gratis
1216 3922 1372 3998 donatae.
1399 3922 1469 3996 Sed
1487 3921 1588 3992 volui
1607 3921 1737 4017 abeo,
1756 3928 1817 4022 qui
1836 3928 1944 3999 habe·

640 4057 697 4111 ret
716 4037 799 4111 loco
817 4037 922 4126 Papae
941 4025 1169 4098 autoritatem
1185 4021 1344 4093 donandi
1362 4022 1473 4121 gratis
1492 4023 1656 4115 peccati,
1679 4046 1740 4096 aut
1755 4033 1946 4121 gratuitam
1988 4096 2004 4104 ,,

634 4147 1012 4241 ΜΜΜΜΜ
1032 4120 1263 4213 '‘m'ffiwm',
1295 4139 1356 4193 aut
1383 4141 1456 4194 rem
1485 4121 1714 4197 committere
1742 4123 1838 4225 Deo.
1882 4125 1946 4290 {ip

683 4266 702 4287 .,
1228 4269 1230 4273 Ι
1916 4245 1946 4290 ι.
