4884 5042
1144 575 1160 664 l
1177 572 1279 667 196.)

570 719 721 816 Principi
751 720 866 792 nostro
905 719 1047 791 Fuccari
1072 723 1141 810 (la)
1170 719 1273 791 literis
1300 720 1566 791 commendatus.
1616 725 1805 792 Martinus
1831 744 1877 800 ac

568 817 796 905 Carolostatlms
816 814 979 910 optimam
1004 813 1197 885 Academiae
1213 814 1282 885 suae
1304 832 1431 909 partem
1455 813 1565 885 secum
1579 813 1787 888 trahebant:
1819 816 1875 891 in·

570 932 622 983 ter
642 935 729 1006 quos
757 908 891 1005 insignis
913 929 983 980 emt
1006 917 1195 995 lraraimus,
1221 910 1489 980 Pometanorum
1514 908 1702 999 Princeps,
1721 912 1876 1004 juvenis

571 1001 847 1090 modestissimus,
866 1004 902 1074 &
926 1003 1096 1074 literarum
1120 1000 1383 1086 amantissimus,
1405 1001 1443 1073 &
1469 1000 1550 1073 mihi
1573 1002 1804 1097 peculiariter
1822 1007 1875 1079 fa·

572 1123 664 1170 vens.
715 1096 946 1168 Confluebant
974 1118 1087 1168 autem
1116 1119 1260 1168 eventus
1292 1095 1426 1167 videndi
1455 1096 1567 1166 studio
1592 1097 1706 1167 onmis
1735 1101 1878 1177 ordinis

570 1193 737 1276 homines,
762 1189 928 1278 Abbates,
950 1190 1120 1278 Comites,
1146 1190 1287 1287 Equites
1312 1187 1437 1277 aurati,
1459 1188 1665 1261 doclifimul
1688 1214 1806 1289 atque
1821 1196 1875 1270 in.

570 1287 682 1374 dosli,
706 1308 745 1356 ut
765 1306 872 1357 extot
887 1283 1076 1371 auditonis,
1098 1307 1185 1377 quot
1205 1283 1403 1381 amplissima
1416 1282 1514 1354 habet
1534 1284 1607 1355 hae'c
1622 1285 1761 1372 schola,
1786 1292 1875 1365 nul.

569 1380 643 1451 lum
662 1401 762 1453 tantae
774 1379 1001 1450 multitudinis
1022 1403 1128 1474 capax
1144 1379 1234 1451 ellet.
1284 1378 1364 1469 Qua
1379 1378 1413 1449 in
1438 1401 1474 1461 rc
1489 1377 1653 1473 Principis
1668 1384 1874 1476 providen-

569 1475 615 1547 tia
637 1473 810 1548 clarillime
827 1472 964 1545 exstitit.
1014 1474 1045 1546 ls
1064 1472 1171 1561 enim,
1194 1477 1290 1571 quod
1307 1471 1464 1546 futurum
1480 1494 1567 1559 etat,
1591 1474 1710 1545 animo
1728 1481 1875 1578 prospi-

570 1570 682 1657 ciens,
709 1566 957 1661 capacrslrmum
978 1567 1063 1639 illud
1083 1570 1230 1657 atrium,
1251 1569 1346 1664 quod
1363 1568 1412 1639 est
1430 1568 1464 1637 in
1484 1590 1577 1653 arce,
1599 1568 1633 1638 in
1654 1571 1874 1662 praesentem

570 1662 669 1735 usum
693 1663 891 1733 dellinatum
907 1667 1055 1758 apparari
1074 1663 1225 1752 jusl'erat.
1277 1663 1322 1735 Et
1335 1667 1415 1758 quia
1431 1660 1539 1733 inrito
1564 1662 1747 1758 Episcopo
1769 1670 1875 1743 Mer.

570 1754 788 1856 seburgense,
810 1757 1067 1829 reclamantibus
1094 1757 1287 1856 Theologis
1312 1757 1456 1843 nollris,
1480 1755 1632 1850 partibus
1657 1757 1872 1854 disputandi

569 1856 702 1945 copiam
715 1850 852 1936 fecerat,
875 1853 908 1920 in
922 1852 953 1922 le
971 1875 1112 1948 quoque
1124 1875 1227 1925 omne
1246 1850 1465 1946 procurandae
1484 1849 1530 1919 tei
1549 1874 1636 1922 onus
1656 1849 1786 1946 sponte
1813 1862 1873 1933 su.

569 1944 684 2040 stepit.
737 1948 805 2017 Dat
823 1944 999 2042 negotium
1019 1945 1178 2034 Senatui,
1201 1966 1240 2017 ut
1258 1969 1321 2040 pro
1339 1945 1510 2040 hospitum
1529 1943 1694 2042 dignitate
1715 1949 1874 2050 hospitia

568 2059 768 2147 procurent,
789 2041 844 2127 &,
866 2064 907 2109 rte
919 2039 952 2109 in
968 2063 1003 2110 re
1024 2059 1112 2110 tanta
1124 2041 1207 2133 quid
1221 2039 1391 2109 tumultus
1409 2037 1600 2129 oboriatur,
1623 2041 1656 2110 in
1671 2049 1786 2120 armis
1804 2051 1875 2126 else

560 2131 673 2229 jubet.
722 2133 899 2204 Curantur
927 2132 1041 2204 omnia
1067 2130 1493 2228 reete2praeter1imcum
1523 2132 1694 2230 Principis
1719 2145 1874 2221 nornine

567 2249 662 2320 pater
675 2231 722 2311 (l)
751 2244 831 2295 tuus
849 2248 916 2294 non
935 2224 1045 2296 solum
1060 2223 1221 2296 omnibus
1244 2225 1425 2314 interesset,
1449 2226 1500 2299 sed
1516 2229 1551 2300 ὅ(
1566 2225 1734 2323 praeesset.
1792 2240 1873 2328 Jam

566 2319 637 2392 dies
658 2316 815 2390 condisla
827 2316 1001 2407 illuxerat,
1020 2343 1102 2392 cum
1121 2343 1217 2391 mane
1237 2319 1319 2392 hora
1338 2325 1393 2412 (ut
1412 2322 1469 2394 hic
1486 2345 1709 2398 numeramus
1720 2337 1755 2415 ,t
1773 2332 1874 2411 stata

567 2414 602 2486 in
629 2413 871 2511 prosperiorem
891 2415 999 2510 coepti
1010 2414 1135 2516 negotii
1148 2414 1330 2487 succell'um
1343 2416 1434 2512 apud
1455 2417 1537 2487 Divi
1551 2417 1706 2491 Thomae
1719 2432 1874 2502 Sacrum

569 2511 652 2596 (m),
674 2535 775 2579 omne
792 2533 898 2601 genus
923 2509 1057 2583 musicis
1078 2508 1257 2595 adhibitis,
1287 2509 1465 2609 magnifice
1485 2513 1724 2608 peragebatur.
1785 2525 1876 2599 1²0st

565 2603 744 2700 magnifica
776 2608 871 2698 plane
904 2603 1068 2677 inlltusla
1090 2628 1215 2699 pompa
1238 2608 1433 2703 agminatim
1458 2615 1497 2682 in,
1515 2630 1625 2678 arcem
1655 2606 1876 2698 festinarunt

565 2723 693 2770 omnes.
746 2701 899 2784 lictum,-
916 2725 956 2771 ne
974 2699 1072 2771 turba
1093 2701 1204 2770 omnis
1222 2700 1304 2772 citra
1326 2700 1498 2773 deleslum
1519 2706 1685 2788 irrueret,
1719 2716 1872 2786 armatis

565 2795 717 2889 aliquot,
740 2796 799 2888 qui
827 2793 914 2865 sores
937 2794 1155 2880 oblidebant,
1179 2814 1317 2866 cautum
1349 2813 1430 2868 crat.
1481 2795 1532 2867 Ut
1558 2819 1638 2866 vero
1662 2796 1874 2903 introgreffi

560 2890 631 2985 jam
654 2892 799 2984 quisque
816 2914 880 2983 pro
910 2887 970 2962 luo
987 2889 1104 2960 ordine
1128 2888 1236 2960 sedem
1256 2910 1432 2984 ceperant,
1459 2889 1556 2961 miset·
1573 2914 1639 2987 ego
1663 2892 1874 2976 homuncio

567 2984 719 3054 nonnihil
738 2985 849 3053 adhuc
869 2978 1056 3055 febricitans
1074 3008 1134 3077 per
1152 2982 1319 3078 pollicum
1341 2985 1547 3055 intromissus
1568 2983 1779 3082 suggestum
1811 2999 1875 3070 ad.

564 3077 701 3163 scendo,
727 3076 891 3170 Principis
909 3077 1093 3149 nomine&
1106 3079 1403 3151 summaomnium
1423 3077 1670 3171 exspectatione
1682 3084 1873 3166 dis’turus.

566 3170 734 3243 Terrebat
748 3196 801 3241 me
815 3172 982 3266 primum,
1003 3172 1127 3258 fateor,
1150 3192 1262 3245 tantus
1280 3195 1453 3245 tantorum
1469 3175 1646 3245 hominum
1664 3184 1866 3274 consessus,

565 3286 655 3338 tanta
673 3269 826 3380 omniunt
840 3264 1061 3363 exl'peclatio,
1087 3286 1176 3341 tanta
1193 3267 1275 3342 tanti
1297 3267 1464 3365 Principis
1482 3267 1638 3366 persona:
1659 3271 1721 3344 cui
1732 3297 1868 3371 geren.

1810 3376 1870 3448 dae

609 3551 655 3621 lkr
683 3548 720 3614 ld
739 3550 794 3616 ell.
839 3554 986 3639 Faggrri.
1036 3555 1064 3615 Α
1092 3549 1190 3634 cujus
1208 3550 1329 3619 divitiis
1359 3551 1554 3638 pecuniosus
1584 3552 1726 3636 quisque
1752 3556 1869 3632 homo

563 3636 672 3699 vocari
695 3637 800 3717 coepit
821 3637 871 3700 ein
890 3639 1009 3702 reicher
1029 3635 1157 3698 Facker.
1201 3636 1283 3701 Phil.
1312 3636 1510 3721 Engcntintrs
1527 3641 1560 3701 in
1579 3639 1777 3722 poematia..
1816 3648 1870 3715 Ε.

563 3719 662 3784 rasmi
685 3719 782 3795 craia
801 3720 966 3785 verboram
979 3738 1132 3782 acrarum
1154 3714 1307 3811 pnaefixpt

709 3803 863 3867 Fucctrur
883 3801 968 3865 haud
981 3819 1118 3884 anqrtam
1136 3798 1292 3887 convellis
1310 3796 1446 3884 nardique
1462 3798 1564 3883 gazis

771 3883 852 3949 Orlre
869 3896 1031 3963 pererrato
1052 3897 1098 3948 tot
1116 3878 1287 3951 castrilanit
1307 3898 1395 3965 opes,
1418 3898 1539 3947 catera.

609 3971 635 4040 ll
643 3969 653 4047 l
680 3965 780 4047 calar
801 3962 959 4044 Pslttqius,
984 3964 1088 4031 Ducis
1102 3966 1235 4049 Georgii
1261 3964 1404 4030 ¹lllinillet
1424 3968 1604 4047 primarios.
1652 3964 1734 4052 Ejus
1756 3991 1863 4056 meria·

561 4051 682 4116 tionem
705 4051 782 4113 l'ac'rt
803 4032 1035 4141 Stclrcarlorfins
1055 4043 1136 4117 slis.
1168 4051 1258 4117 carr.
1280 4065 1313 4135 p.
1338 4048 1387 4134 89.
1412 4050 1443 4116 dt
1469 4050 1537 4137 389.

605 4135 665 4216 lm)
689 4132 764 4198 Hoc
783 4130 847 4214 est,
868 4135 919 4199 Mt
940 4153 968 4198 a.
