4884 5042
1021 623 1131 721 (92)

484 772 583 876 gotio
602 769 728 847 fabrice
750 769 853 844 sanfbi
876 759 969 845 Petri
991 765 1255 842 siusiuolisfime
1279 765 1542 860 accumulatissi-

484 893 611 964 meque
633 867 833 940 consulitur.

534 969 613 1036 Alie
639 970 748 1062 gratie
784 967 823 1038 ὠ
844 963 1023 1054 facultates
1049 958 1218 1057 Apostolice
1250 981 1400 1056 quattuor
1428 968 1545 1054 priores
1638 964 1675 1048 38

478 1063 662 1156 principales
691 1060 981 1150 aunasequaniur.
1030 1054 1126 1148 Qias
1159 1054 1304 1127 Domini
1327 1044 1741 1144 confefforesSrquuntur

484 1155 523 1226 &
546 1150 774 1224 Predicatores
792 1174 860 1221 non
874 1149 1104 1247 persuasione¹
1123 1150 1175 1220 sed
1196 1148 1413 1246 digellissime
1432 1148 1540 1248 legere
1550 1130 1611 1192 ³¹¹⁸
1628 1148 1730 1224 graue.

484 1247 524 1318 ὃ(
548 1244 718 1316 ruminare
745 1242 878 1315 debent.
908 1268 950 1314 eo
977 1245 1071 1341 quod
1093 1244 1264 1316 concessio
1283 1243 1428 1338 ipsuum
1456 1226 1660 1358 peness'esseter
1679 1231 1769 1297 ΡΜ·

484 1337 650 1411 omnibus
673 1336 869 1410 hominibus
886 1337 998 1409 saltem
1015 1338 1140 1410 ratione
1154 1337 1347 1411 utentibus:
1374 1338 1451 1410 &fi
1472 1362 1541 1409 non
1606 1338 1613 1355 ⁰

485 1430 626 1532 singulis
639 1434 672 1503 iri
691 1453 783 1504 toto:
808 1433 965 1503 tamenin
985 1453 1146 1529 parteaut
1171 1433 1323 1528 partibus
1343 1433 1384 1502 ad
1402 1432 1541 1504 salutem

484 1527 659 1599 necessaria
670 1527 730 1599 est.
781 1529 931 1620 ipsarum
944 1531 1042 1598 etiam
1056 1525 1249 1598 consecutio
1266 1525 1402 1625 negotio
1415 1526 1544 1600 fabrice

486 1619 590 1692 sandi
614 1623 704 1692 Petri
721 1619 970 1718 propensiorem
986 1621 1161 1692 utilitatem
1180 1619 1286 1693 affert.
1310 1621 1542 1717 eanoabaa·

486 1735 537 1784 sea
559 1737 627 1785 iam
654 1719 704 1784 lar
725 1720 823 1796 isfime
843 1715 1092 1809 dispenfiatianes,
1122 1723 1373 1786 commutationes
1403 1720 1444 1791 ὠ
1461 1743 1542 1786 com-

482 1813 635 1904 pastiones
656 1835 676 1877 a
690 1742 764 1901 side
785 1810 958 1904 Apostolica
977 1836 1033 1879 naa
1054 1833 1252 1880 emanarant.

527 1902 720 1974 Sciendum
739 1923 852 1974 tamen
869 1902 964 1998 quod
981 1903 1104 1997 eisdem
1123 1902 1340 1975 facultatibus
1358 1900 1425 1975 indi
1451 1923 1543 1977 entes
1606 1932 1644 2000 39
1665 1930 1685 1979 e
1706 1910 1728 1975 d

487 2019 552 2093 pro
569 1996 646 2092 ipfis
665 1996 846 2093 specialiter
866 1997 900 2066 iii
917 2000 1016 2068 usum
1036 1995 1192 2092 presentis
1215 2023 1255 2068 ne
1282 1997 1342 2067 otii
1359 1996 1400 2068 ad
1417 1926 1544 2093 &apsis

487 2090 610 2187 pofitas
631 2089 805 2187 imponere
824 2090 950 2162 debent
969 2115 1028 2187 per
1045 2091 1075 2162 se
1094 2090 1148 2162 vel
1165 2091 1243 2165 alias
1256 2022 1328 2163 {de
1341 2091 1457 2189 dignas
1469 2117 1545 2188 pei.

489 2183 584 2256 sonas
601 2185 623 2256 fi
647 2186 799 2282 possunt:
828 2206 994 2281 quantum
1010 2185 1087 2256 alias
1099 2209 1161 2282 pro
1174 2185 1320 2282 ipsarum
1335 2186 1546 2259 consecutio.

489 2302 532 2351 ne
554 2302 723 2375 exponere
740 2280 920 2352 haberent:
949 2280 1105 2352 videlicet
1127 2281 1243 2354 versus
1270 2278 1392 2354 urbem
1413 2283 1546 2354 Roma.

489 2374 715 2453 namiautad
728 2373 1076 2463 sanslumJacobum:
1104 2373 1158 2444 vel
1175 2374 1256 2445 alibi
1267 2375 1441 2448 locorum=
1463 2399 1547 2447 euti-

489 2466 558 2537 do:
585 2462 703 2533 stando
719 2465 755 2534 ὃς
774 2465 945 2533 redeundo
964 2488 1003 2533 ac
1028 2463 1170 2560 desuper
1190 2467 1300 2538 literas
1324 2468 1548 2566 expediendo.

489 2555 571 2631 Nisi
588 2555 719 2629 domini
731 2554 1019 2628 Subcommiffarii
1038 2558 1204 2652 generales
1221 2559 1321 2655 super
1332 2562 1398 2634 hoc
1414 2589 1433 2634 a
1449 2563 1547 2634 nobis

489 2651 664 2749 specialem
680 2648 948 2722 commisfionem
971 2649 1132 2721 habentes
1144 2651 1360 2746 personarum
1380 2658 1416 2728 bt
1434 2655 1549 2728 causa·

431 2824 436 2830 ,
490 2771 567 2853 ruiti
588 2746 714 2819 meritis
736 2742 955 2844 exigentibus
972 2744 1132 2817 duxerint
1150 2767 1260 2817 raxam
1283 2747 1481 2844 hujusmodi
1507 2748 1547 2819 li·

490 2862 619 2915 mirare.
1358 2856 1362 2865 '

538 2933 785 3043 Prima-igitur
809 2934 859 3009 est
888 2955 1047 3008 votorum
1075 2937 1230 3008 omnium
1259 2934 1423 3116 (exceptis
1455 2936 1543 3009 votis
1570 2925 1605 2993 k
1647 2947 1688 3011 40

488 3029 686 3104 visitationis
716 3029 871 3104 liminum
904 3029 1134 3126 apostolorum
1158 3032 1195 3105 ὅ(
1223 3030 1326 3104 sansbi
1379 3031 1476 3104 acobi
1508 3012 1744 3111 anommura-

490 3124 746 3222 compostella:
771 3124 948 3198 castitatis:
972 3123 1163 3231 religionis:
1193 3128 1230 3200 ὃ(
1254 3112 1601 3207 lilieiosolimitatiit¹o
1626 3112 1771 3159 ⁰⁰¹¹¹¹¹¹m

489 3222 666 3295 dumtaxat
683 3219 862 3294 solenniter
876 3218 1018 3304 emissis)
1042 3243 1075 3290 in
1092 3219 1190 3291 usum
1208 3221 1300 3294 diae
1311 3222 1435 3296 sabrice
1446 3246 1539 3295 com·
1553 3197 1717 3328 vggffigffl,

490 3317 644 3389 mutatio.
694 3313 775 3406 Qie
802 3334 1025 3388 commutatio
1053 3314 1236 3413 dupliciter
1264 3341 1329 3412 pro
1352 3341 1443 3391 nunc
1468 3284 1623 3417 fictiia,

400 3405 411 3414 ’
491 3412 602 3510 potest
620 3409 776 3482 videlicet
792 3410 911 3507 vigore
930 3408 1120 3507 plenissime
1138 3411 1340 3484 remissionis
1362 3412 1398 3484 ὅ(
1414 3409 1543 3500 Jubilei

489 3504 797 3581 acconfesfionalis.

514 3599 930 3694 ¹Volumusetiamquod
947 3598 1051 3671 nostri
1091 3600 1237 3674 enerales
1255 3598 1545 3674 Subcommilsarii
1580 3617 1604 3686 k
1644 3635 1685 3702 4¹

491 3721 560 3769 non
579 3693 694 3793 passim
713 3697 750 3769 &
773 3692 999 3767 indifferenter
1016 3720 1078 3793 qui
1106 3719 1285 3793 uscunque
1306 3696 1545 3793 penitentiariis

493 3791 531 3863 &
547 3789 814 3863 confessoribus:
843 3811 946 3887 atque
971 3790 1043 3862 aliis
1066 3789 1325 3888 particularibus
1351 3791 1548 3864 comissariis

492 3905 554 3978 pet
581 3909 643 3958 nos
672 3886 729 3958 seu
753 3910 811 3958 eos
838 3884 1020 3980 deputatis,
1043 3885 1233 3958 facultatem
1261 3885 1447 3960 concedant
1468 3905 1548 3959 vota

493 3999 699 4072 quecunque
727 3979 969 4052 commutandi.
1020 3980 1086 4052 Sed
1112 3980 1325 4052 committant
1353 3980 1477 4054 talibus
1502 4003 1548 4054 cit

495 4067 542 4141 eis
563 4070 692 4165 quibus
716 4075 998 4147 committendum
1024 4074 1089 4148 elle
1116 4073 1344 4175 perspexerint
1358 4101 1371 4155 t,
1391 4077 1429 4152 &
1447 4075 1548 4168 etiarn

1008 4172 1045 4245 N
1365 4277 1369 4284 ι
1442 4191 1550 4267 quati·
