4884 5042
508 708 704 799 remidione
728 707 963 818 peccatorum
991 735 1148 811 omrem,
1182 713 1221 786 &
1245 729 1419 808 quantum
1446 716 1580 812 poffem
1599 700 1807 819 abstinerem

505 820 703 1010 inpeccatis·
721 816 908 906 omnibus,
933 838 975 983 acl
991 814 1148 981 vihvererp
1167 811 1459 981 iniffioeffiffl‘
1484 816 1625 985 Deippc
1644 818 1721 930 dixi
1739 817 1808 893 illis

507 940 606 991 vae:
668 940 706 988 ur
724 938 845 986 omnes
862 937 944 984 curn
977 934 1017 983 ac
1046 933 1124 981 rimi
1161 933 1195 980 rn
1383 935 1394 978 1
1434 933 1551 984 ionem
1603 938 1716 988 omrnr
1751 936 1807 988 re.

507 1017 702 1103 cabantur,
730 1011 849 1109 ficque
866 1010 1050 1107 ingredior
1067 1006 1330 1079 monasterium.
1373 1007 1459 1099 Tu,
1486 1010 1667 1104 Domine,
1691 939 1809 1108 ngsti,

507 1114 607 1208 quod
634 1111 713 1182 haec
733 1132 817 1179 vera
833 1104 933 1196 sunt,
960 1128 1074 1200 neque
1090 1106 1205 1177 otium
1251 1102 1448 1196 uaerebam,
1475 1129 1590 1202 neque
1606 1109 1725 1180 ventri
1740 1107 1811 1182 ser*

506 1213 607 1298 vire,
625 1227 740 1301 neque
756 1205 886 1275 florere
902 1202 1019 1300 specie
1036 1204 1151 1299 aliqua
1167 1129 1380 1294 sardinus,
1398 1201 1458 1275 sed
1475 1202 1545 1275 tibi
1561 1203 1722 1303 placere,
1740 1202 1810 1281 tibi

507 1303 659 1394 servire,
687 1301 735 1373 fic
755 1299 971 1399 palpitabam
992 1303 1028 1370 in
1047 1300 1201 1379 tenebris
1220 1295 1436 1371 densrffimis.
1799 1328 1806 1405 j

520 1418 525 1426 ‘
558 1407 739 1478 Somnium.
783 1400 905 1469 Primo
931 1399 1097 1469 monachi
1124 1422 1181 1470 me
1207 1396 1387 1469 ducebant
1404 1395 1449 1468 ad
1466 1393 1721 1489 refedborium,
1745 1396 1813 1471 do*

508 1521 577 1571 nec
596 1499 741 1596 vespere
757 1494 917 1595 pulsibus
933 1494 1079 1566 daretur
1096 1494 1249 1591 iignum.
1284 1493 1428 1567 Deinde
1443 1492 1646 1571 deducebat
1661 1492 1705 1566 ad
1723 1495 1813 1568 cho·

510 1617 615 1686 rum,
650 1598 687 1669 ὃ(
713 1595 756 1665 ad
776 1592 1030 1690 psalmodiam,
1056 1592 1177 1687 postea
1194 1591 1239 1663 ad
1256 1590 1384 1663 cellam
1403 1592 1579 1689 quandam
1597 1615 1750 1686 novam,
1775 1590 1815 1667 in

510 1712 583 1788 qua
611 1690 755 1764 stratum
782 1710 917 1762 novum
940 1708 1018 1762 erat
1044 1689 1089 1761 dc
1108 1688 1330 1770 straminibus
1349 1690 1386 1762 bt
1404 1689 1564 1786 pulvillis
1581 1711 1627 1761 ex
1644 1687 1814 1764 abrasuria

508 1810 710 1886 pannorum
739 1790 933 1862 laneorum.
976 1785 1062 1858 Post
1086 1811 1230 1859 coenam
1249 1786 1379 1858 iterum
1396 1811 1441 1859 eo
1459 1787 1635 1879 reducor,
1662 1787 1699 1862 &
1719 1806 1761 1860 ut
1776 1787 1815 1860 in

509 1886 669 1974 vestibus
693 1885 911 1976 dormirem,
945 1886 1216 1981 praecipiebant.
1259 1884 1343 1980 Ego
1362 1908 1469 1977 vero,
1494 1885 1557 1982 qui
1576 1908 1633 1957 me
1648 1880 1815 1957 servituti

509 1999 586 2056 tuae
614 1982 776 2057 Domine
802 1984 926 2073 Deus,
958 1981 1229 2074 dedicaveram,
1263 1983 1370 2054 ctiam
1396 1981 1561 2055 volebam
1582 1983 1618 2053 in
1636 1981 1732 2055 nuda
1745 1980 1817 2071 hu·
1846 2044 1855 2076 ,

508 2103 573 2155 mo
591 2081 630 2155 dt
647 2081 752 2180 super
768 2079 886 2179 lapide
903 2079 1080 2152 dormire:
1109 2080 1179 2153 Sed
1195 2079 1249 2149 illi
1294 2077 1528 2171 rohrbebant,
1547 2080 1728 2172 dicentes,
1746 2073 1817 2152 mi·

510 2179 550 2250 bi
569 2179 632 2251 diu
649 2179 872 2254 serviendum
890 2175 959 2251 eise
979 2178 1156 2251 Domino.
1200 2101 1291 2248 uod
1305 2177 1586 2272 completorium
1602 2175 1667 2248 ubi
1688 2172 1820 2275 singuli

508 2274 546 2349 se
570 2277 613 2345 ad
635 2277 699 2346 sua
726 2278 891 2348 stramina
916 2275 1216 2388 composuissent,
1250 2295 1320 2370 ego
1342 2277 1547 2372 pernoram
1566 2273 1818 2374 prostratusin

508 2390 650 2464 genua,
674 2366 970 2440 commendabam
987 2380 1094 2442 anina
1109 2372 1272 2445 oratione
1291 2371 1363 2443 hoc
1380 2394 1500 2444 meum
1520 2396 1654 2445 novum
1674 2371 1819 2445 institu·
1867 2443 1869 2445 ,

509 2482 593 2537 tum
619 2459 689 2534 tibi
718 2465 883 2535 Domino
911 2466 993 2533 Deo
1010 2486 1114 2553 meo,
1141 2483 1178 2534 te
1194 2467 1302 2554 hujus
1320 2469 1369 2537 rei
1387 2469 1611 2577 inceptorem
1630 2468 1819 2564 futurum,

509 2579 552 2634 te
577 2558 720 2634 ombam
746 2559 815 2634 eise
841 2556 1140 2655 gubernatorem,
1174 2575 1212 2629 te
1238 2558 1327 2628 mihi
1346 2563 1608 2637 constituebam
1626 2566 1840 2665 praelatum¹

510 2659 553 2732 δι
575 2656 753 2731 summum
771 2652 1030 2755 praepofitum,
1056 2655 1122 2727 Tu
1137 2676 1196 2726 me
1212 2652 1406 2751 dirigeres,
1430 2681 1476 2730 ne
1493 2659 1580 2755 quid
1597 2661 1667 2733 defi
1699 2683 1820 2737 narem

511 2776 641 2829 contra
665 2755 817 2855 gloriam
843 2753 998 2826 nominis
1023 2752 1101 2844 tui,
1134 2752 1172 2826 &c
1197 2750 1327 2821 animae
1345 2774 1434 2822 meae
1452 2754 1612 2826 salutern.
1692 2760 1820 2832 andem

511 2872 572 2926 me
597 2851 702 2927 fimul
718 2874 811 2928 'cum
838 2847 978 2924 indusio
1003 2850 1106 2922 laneo
1124 2850 1162 2924 &
1180 2848 1305 2920 tunica
1329 2847 1476 2920 seculari
1502 2851 1764 2948 componebam
1781 2856 1821 2928 in

512 2950 707 3043 naulum,
741 2951 983 3045 dormiturus,
1016 2949 1054 3022 bt
1073 2947 1358 3020 oro'orationem
1377 2946 1619 3044 dominicam,
1643 2947 1753 3049 atq'ue'
1768 2944 1820 3027 sie'

512 3046 755 3123 obdormisce.
806 3048 991 3147 Agebam,
1025 3065 1067 3118 nt
1089 3043 1317 3143 supradixi,
1341 3041 1472 3117 annum
1492 3046 1607 3120 aetatis
1618 3068 1678 3141 20,
1700 3066 1820 3149 neque

512 3145 670 3217 videram
696 3143 858 3244 regulam
885 3164 948 3217 aut
975 3141 1137 3216 instituta
1162 3144 1444 3235 monachorum,
1476 3166 1593 3244 neque
1617 3144 1820 3253 audieram,

510 3264 596 3340 quae
614 3241 699 3317 effet
718 3244 777 3316 illa
795 3268 889 3317 novo
903 3241 1049 3316 vivendi
1069 3241 1184 3335 ratio,
1200 3239 1259 3313 sed
1276 3238 1530 3337 expestabam,
1549 3242 1820 3343 utpostmeilia
1896 3268 1898 3271 ·

512 3342 684 3431 ῐιῑοηειςὴὶΙ
707 3337 902 3435 docerent,
928 3340 1027 3438 quod
1043 3341 1084 3414 ὃ(
1100 3340 1246 3508 egregie
1269 3337 1454 3432 stoemnt,
1479 3336 1821 3438 sepelientes-meib

512 3439 669 3511 tenebris
693 3437 910 3512 denfiffimis.
961 3438 1038 3512 Ubi
1063 3436 1113 3522 ob
1140 3437 1290 3529 orrnio‚·
1306 3456 1366 3510 aut
1382 3438 1563 3511 dormiens
1580 3460 1663 3513 vere
1681 3430 1815 3548 vigilo‘
1884 3474 1886 3479 ¹

513 3535 621 3610 video
640 3560 697 3611 me
715 3536 912 3636 pervenid'e
929 3537 967 3608 in
984 3536 1168 3608 heiemum
1188 3531 1432 3629 vastissimam,
1446 3536 1513 3621 ¹nbi
1529 3535 1621 3614 nihii
1637 3559 1734 3637 erat,
1752 3563 1777 3612 n

512 3648 687 3732 perpetua
708 3636 850 3708 vastitas
869 3635 1090 3732 &contigui
1109 3632 1247 3728 scopuli
1265 3635 1379 3731 petre
1395 3630 1627 3727 deutiffimae,
1653 3632 1692 3711 bt
1709 3630 1818 3733 talen}

512 3732 633 3827 quoles
658 3736 762 3833 pingi
784 3754 847 3807 aut
863 3732 978 3832 sculpi
997 3730 1111 3804 solent
1128 3729 1192 3803 sub
1211 3731 1284 3803 ima
1312 3733 1370 3804 ine
1386 3731 1525 3806 Christi
1541 3728 1731 3825 crncifixi,

514 3829 636 3927 quales
661 3831 741 3904 sunt
767 3835 865 3905 circa
890 3853 1007 3904 arcem
1036 3828 1187 3927 Stolpen
1204 3831 1241 3901 in
1262 3752 1408 3902 ndisnia.
1451 3831 1507 3903 Ita
1522 3831 1711 3905 videbatur
1727 3750 1820 3904 mibi}

516 3942 616 4035 totus
632 3930 787 4033 mundus
802 3931 892 4003 nihil
910 3927 1006 4003 aliud
1024 3925 1114 4020 effe,
1138 3928 1246 4097 puam
1262 3926 1446 4049 perrosum
1466 3925 1652 4025 desertum.¹
1685 3926 1729 4023 ln
1747 3927 1818 4025 hod

516 4021 772 4108 misereerrans
790 4028 999 4115 deveneram
1015 4024 1090 4100 fine
1106 4024 1145 4098 ul
1160 4035 1184 4097 o
1202 4043 1417 4105 comneaut
1432 4023 1595 4098 duetore.
1607 4052 1610 4057 ·
1622 4021 1741 4119 Nuiia
1756 4022 1818 4100 luc

516 4118 891 4267 eraevvirena1arbor,
921 4125 1062 4200 nulium
1080 4114 1305 4294 virgrpit'nm',
1327 4120 1632 4236 nulla-herbauut
1647 4138 1819 4296 grume&
1961 4156 1965 4167 ·
