4884 5042
1101 576 1116 666 l
1132 576 1232 675 ¹39·)

517 747 587 824 que
608 719 841 800 Ecclesiastica
864 722 920 795 vel
941 721 1111 796 mundana
1129 719 1354 819 praesulgeant
1371 720 1554 820 dignitate,
1580 721 1680 794 etiam
1701 722 1734 796 S.
1756 722 1805 796 R.

520 823 564 894 E.
590 819 856 906 Cardinalibus,
885 819 1104 906 patriarchis,
1133 816 1361 906 Primatrbus,
1392 817 1609 912 Archiepilco
1637 818 1684 904 is,
1712 816 1808 914 Epis·

518 915 635 1012 copis,
659 913 960 1003 patriarchalium,
987 909 1355 1009 Metropolitanarum,
1381 911 1418 983 δε
1439 913 1578 984 aliarum
1631 913 1809 986 athetirali·

518 1033 598 1098 um,
619 1009 906 1107 Collegiatarum‚
926 1030 966 1079 ac
988 1008 1185 1080 inferiorum
1207 1005 1434 1079 Ecclesrarum
1458 1007 1623 1096 l’raelatis,
1645 1008 1809 1101 Clericis,

518 1106 661 1202 aliisque
692 1102 840 1201 personis
875 1102 1137 1188 Ecclesiasticis,
1171 1099 1403 1187 secularibus,
1435 1101 1472 1173 ὃ(
1505 1124 1808 1204 quorumcumque

519 1202 692 1271 Ordinum
711 1199 808 1272 etiam
832 1197 1099 1269 Mendicantium
1123 1197 1374 1294 Regularibus,
1396 1194 1603 1281 Abbatrbus,
1620 1196 1808 1290 Prioribus,

514 1293 575 1365 ·vel
596 1293 754 1363 ministris
774 1290 1003 1364 Generalibus
1021 1291 1072 1361 vel
1093 1291 1375 1386 particularibus,
1397 1288 1575 1361 Fratribus
1594 1289 1647 1360 seu
1675 1292 1809 1388 Religi-

517 1387 602 1475 ofis,
623 1387 789 1482 exemptis
809 1388 846 1459 ὅ(
859 1411 927 1456 non
942 1389 1129 1482 exemptis,
1148 1386 1338 1458 studiorum
1383 1408 1498 1480 noque
1523 1385 1808 1459 Universrtatibus

519 1481 747 1568 secularibus,
770 1482 807 1554 &
828 1484 1033 1577 quorumvis
1053 1481 1227 1553 Ordinum
1244 1483 1341 1552 etiam
1405 1478 1631 1551 endicantium
1653 1484 1710 1551 Re
1736 1480 1807 1553 ula·

519 1576 637 1663 ribus,
659 1599 721 1647 nec
748 1599 816 1646 non
849 1573 1030 1672 Regibus,
1059 1576 1273 1669 Imperatoris
1300 1573 1543 1662 electoribus,
1570 1502 1809 1671 Principibus,

461 1741 466 1745 ,
518 1669 696 1758 Ducibus,
727 1669 1003 1758 Marchiontbus,
1018 1668 1237 1756 Comitibus,
1262 1668 1466 1756 Baronibus,
1488 1669 1808 1763 Capitaneis‚Con·

519 1763 740 1852 dutronbus,
765 1764 983 1849 Domicellis,
1004 1763 1233 1859 omnibusque
1255 1762 1494 1849 Officialrbus,
1511 1762 1705 1860 judicibus,
1727 1766 1808 1837 No·

520 1859 627 1948 ratiis,
652 1858 890 1930 licclesrallicis
908 1861 945 1932 ὃ(
962 1858 1186 1945 secularibus,
1208 1855 1548 1945 Communitatibus,
1575 1858 1807 1932 Universrtati·

521 1951 604 2036 bus,
630 1953 874 2050 potentatibus,
900 1952 1127 2041 Civitatibus,
1150 1952 1286 2041 castris,
1308 1954 1456 2025 terris&
1483 1952 1585 2039 locis,
1612 1953 1668 2025 seu
1685 1977 1806 2025 eorum

519 2047 576 2120 vel
596 2071 710 2119 earum
731 2047 883 2135 civibus,
907 2047 1203 2121 habitatoribus&
1221 2046 1363 2136 incolis,
1385 2071 1425 2119 ac
1442 2046 1622 2143 quibusvis
1645 2046 1717 2119 aliis
1733 2072 1809 2146 per·

520 2139 609 2214 sonis
636 2141 875 2214 Ecclefiastieis
893 2141 947 2213 vel
967 2142 1200 2250 Regularibus
1228 2147 1283 2228 (ut
1304 2138 1497 2237 praefertur)
1528 2166 1588 2237 per
1612 2144 1810 2215 universum

519 2236 675 2324 Orbem,
699 2237 927 2333 ubicumque,
955 2238 1136 2333 praelertim
1157 2238 1190 2309 iu
1212 2236 1388 2310 Alemania
1405 2234 1645 2326 existentibus,
1667 2238 1721 2310 vel
1745 2262 1809 2336 pro

520 2350 675 2423 tempore
692 2329 834 2418 suturis,
858 2356 899 2401 ne
922 2332 1079 2424 praesatos
1094 2354 1246 2419 errores,
1269 2352 1329 2402 aut
1351 2355 1471 2403 eorum
1489 2332 1646 2437 aliquos,
1675 2356 1811 2430 perver-

521 2421 659 2515 samque
675 2422 866 2491 dodlrinam
890 2423 1086 2517 hujusmodi
1104 2425 1265 2512 asserere,
1285 2423 1474 2512 affirmare,
1499 2426 1696 2515 defendere,
1720 2452 1809 2523 prae·

520 2515 648 2603 dicare,
671 2533 729 2583 aut
749 2513 797 2584 illi
813 2515 1088 2607 quomodolibet,
1113 2517 1250 2611 publice
1267 2521 1322 2588 vel
1339 2519 1497 2605 occulte,
1521 2521 1646 2614 quovis
1664 2521 1808 2617 quaefito

519 2610 676 2710 ingenio,
698 2606 753 2679 vel
765 2607 895 2692 colore,
919 2609 1017 2681 tacite
1035 2608 1089 2682 vel
1107 2609 1259 2704 exprelle
1280 2608 1392 2684 lavere
1409 2613 1624 2709 praesumant.

506 2788 508 2791 ,
573 2703 728 2802 Insuper,
753 2702 833 2798 quia
849 2725 978 2775 errores
990 2702 1134 2800 praesati,
1149 2706 1185 2777 ὃ(
1203 2706 1317 2800 plures
1333 2707 1406 2793 alii,
1429 2708 1644 2779 continentur
1662 2708 1694 2779 in
1710 2707 1807 2780 libel·

521 2799 580 2887 lis,
602 2797 658 2871 seu
676 2796 992 2896 scriptiscujusdam
1004 2806 1159 2871 Martini
1174 2805 1328 2889 Lurheri,
1358 2799 1468 2871 diuos
1486 2799 1617 2871 libellos
1640 2802 1676 2873 δε
1694 2802 1809 2875 omnia

519 2891 605 2969 dieti
619 2900 767 2966 Martini
781 2893 915 2991 scripta,
937 2895 994 2966 seu
1006 2893 1271 2992 pradicationes,
1291 2894 1325 2964 in
1344 2893 1485 2984 Latino,
1512 2892 1565 2965 vel
1586 2917 1809 2993 quocumque

519 2991 588 3063 alio
614 2990 772 3063 idiomate
803 2995 1030 3084 reperiantur,
1058 2991 1092 3061 in
1110 2991 1237 3083 quibus
1254 2987 1339 3061 dieti
1355 3011 1507 3078 errores,
1534 2992 1589 3059 seu
1609 3012 1728 3061 eorum
1748 2990 1809 3063 ali·

522 3087 598 3182 quis
616 3087 830 3173 continetur,
855 3084 1007 3157 similiter
1030 3087 1250 3174 damnamus,
1278 3084 1522 3180 reprobamus,
1543 3104 1646 3177 atque
1666 3085 1807 3158 omnino

522 3179 710 3277 rejicimus,
737 3181 774 3252 &
793 3204 856 3274 pro
868 3180 1009 3251 omnino
1022 3181 1197 3269 damnatis,
1224 3179 1424 3276 reprobatis,
1444 3204 1483 3252 ac
1501 3177 1631 3276 rejedlis
1648 3182 1702 3266 (ut
1721 3203 1809 3276 prae·

522 3272 645 3360 sertur)
672 3275 784 3346 haberi
805 3271 990 3348 vdlumus:
1019 3277 1228 3349 mandarntes
1245 3276 1279 3347 in
1298 3280 1424 3349 virtute
1446 3274 1568 3347 sandlae
1585 3274 1810 3366 obedientiae,

522 3370 560 3444 &
586 3368 649 3441 sub
676 3369 788 3464 poenis
812 3367 984 3465 praedietis
1005 3393 1047 3441 co
1066 3367 1139 3474 ipso
1164 3370 1399 3458 incurrendis,
1425 3370 1586 3441 omnibus
1603 3371 1639 3443 ὅ(
1669 3369 1809 3468 finguljs

522 3463 700 3560 utriusque
724 3462 822 3535 sexus
841 3465 971 3538 Christi
996 3465 1154 3538 fidelibus
1165 3464 1318 3563 superius
1341 3465 1533 3549 nominatis,
1557 3489 1598 3536 ne
1612 3462 1809 3562 hujusmodi

522 3559 667 3654 scripta,
690 3559 839 3647 libellos,
868 3561 1140 3657 praedicationes,
1167 3561 1222 3632 seu
1246 3560 1435 3645 schedulas,
1457 3559 1510 3630 vel
1531 3557 1564 3628 in
1587 3559 1635 3632 eis
1652 3580 1809 3631 contenta

522 3654 690 3751 capitula,
716 3678 845 3727 errores
865 3677 922 3728 aut
944 3656 1105 3728 articulos
1123 3654 1333 3754 supradidlos
1351 3654 1555 3726 continentia
1571 3654 1703 3754 legere,
1729 3653 1810 3724 alse-

523 3768 611 3837 rere,
633 3752 832 3846 praedicare,
855 3754 1010 3840 laudare,
1035 3749 1432 3847 imprimere,publicare
1449 3748 1517 3822 srve
1534 3750 1728 3834 defendere,
1750 3771 1810 3842 per

522 3846 555 3915 se
574 3846 627 3916 vel
645 3847 773 3934 alium,
798 3847 853 3919 seu
885 3849 992 3936 alios,
1014 3846 1140 3918 diredle
1158 3846 1212 3917 vel
1244 3843 1424 3933 indiscere,
1451 3844 1548 3917 tacite
1570 3845 1623 3916 vel
1645 3839 1813 3942 expresse,

523 3939 663 4032 publice
690 3943 742 4012 vel
766 3943 913 4031 occulte,
937 3965 995 4015 aut
1014 3945 1046 4013 in
1065 3940 1226 4014 domibus
1243 3939 1326 4030 suis,
1348 3938 1417 4011 sive
1428 3941 1499 4013 aliis
1513 3938 1657 4037 publicis
1676 3950 1730 4007 vel
1745 3935 1814 4032 pri·

525 4032 611 4102 vatis
635 4035 720 4110 locis
743 4057 854 4112 tenere
878 4062 1026 4134 quoquo
1043 4042 1148 4112 modo
1160 4035 1404 4207 praesumant:
1428 4038 1600 4132 quinimo
1622 4033 1678 4106 illa
1704 4031 1817 4199 statiqp

528 4166 534 4172 ·
1209 4155 1234 4207 2
1730 4152 1786 4226 ‚po
