4884 5042
1181 560 1292 657 run
1345 497 1347 502 ¹

585 704 689 780 Adeo
716 704 893 778 cernimus
919 725 985 776 eeu
1012 700 1182 774 divinitus
1205 703 1412 776 immutatos
1428 703 1637 802 Principum
1657 705 1815 797 animos,
1841 703 1886 776 nd

582 807 679 901 pacis
716 803 994 901 concordiaeque
1031 800 1184 873 studium
1220 801 1308 871 totis
1335 799 1469 872 viribus
1495 802 1733 895 incumbere,
1776 804 1885 896 idque

581 903 767 998 praecipuc
790 898 996 974 audioribus
1022 903 1128 973 Leone
1156 896 1354 994 pontifice,
1388 921 1459 971 non
1485 900 1593 978 titulo
1611 920 1749 974 tantum
1772 903 1884 975 maxi·

543 997 545 1001 ’
581 1020 666 1084 moa
704 1001 741 1071 bt
768 996 941 1086 Francisco
968 997 1169 1069 Galliarum
1196 997 1326 1093 Rege,
1362 1019 1434 1067 non
1457 997 1572 1067 miuus
1589 999 1742 1093 egregiis
1763 997 1885 1091 lastis,
1939 1070 1941 1073 ,

580 1116 687 1191 quam
708 1095 840 1164 solenni
861 1098 1079 1192 cognomine
1099 1089 1407 1166 Christianissrmo.
1449 1093 1550 1166 Huic
1568 1118 1652 1165 curn
1673 1096 1708 1164 ὃ(
1728 1098 1884 1187 animus,

581 1192 620 1266 &
648 1215 735 1288 opes
762 1189 809 1261 src
827 1193 869 1267 ad
890 1192 1022 1262 bellum
1043 1190 1238 1287 gerendum
1258 1188 1444 1288 superent,
1470 1210 1510 1261 ut
1529 1192 1660 1260 nemini
1680 1195 1886 1288 principum-

580 1291 714 1390 tnagis:
752 1305 869 1359 tamen
893 1290 1050 1384 graviter
1068 1286 1312 1384 perpendens,
1340 1288 1545 1384 hujusmodi
1565 1287 1772 1380 Principum
1792 1290 1884 1362 disli-

506 1474 509 1478 A
579 1383 647 1459 diis
673 1383 1075 1480 conflidiationibusque
1094 1388 1129 1460 bt
1151 1384 1439 1460 Christianorum
1457 1387 1570 1477 vires,
1594 1408 1753 1479 opesque
1772 1388 1885 1458 maxi·

579 1505 727 1579 mopere
754 1481 978 1574 labefactari,
1006 1485 1043 1556 &
1071 1507 1090 1554 e
1117 1482 1254 1555 diverso
1271 1481 1401 1557 nostrae
1418 1483 1601 1580 religionis
1621 1481 1886 1581 hollibusopes

580 1580 767 1654 &animos
784 1575 887 1655 addi:
915 1600 1016 1672 tum,
1036 1604 1118 1676 quae
1137 1583 1253 1678 major
1269 1583 1377 1654 etiam
1397 1581 1525 1678 pestis,
1544 1578 1717 1678 quidquid
1728 1579 1778 1651 est
1791 1607 1886 1656 verae
1936 1596 1938 1600 ’

579 1677 789 1775 religionis,
823 1676 998 1774 quidquid
1025 1677 1211 1750 bonarum
1228 1679 1373 1776 legum,
1399 1680 1574 1776 quidquid
1594 1678 1709 1750 civilis
1726 1677 1885 1776 discipli·

577 1795 660 1868 uae,
690 1775 865 1871 quidquid
884 1775 1081 1874 proborum
1102 1799 1267 1868 morum,
1294 1777 1469 1875 quidquid
1489 1775 1712 1849 honestarum
1732 1778 1886 1872 artium,

576 1871 727 1947 militari
753 1873 901 1948 lieentia
926 1875 1019 1946 inter
1046 1871 1193 1946 assiduos
1211 1897 1394 1948 armorum
1413 1877 1593 1973 crepitus,
1620 1894 1680 1946 aut
1698 1874 1914 1960 intermori·

573 1968 743 2141 prorsus,
767 1991 828 2044 aut
848 1993 944 2044 certe
963 1967 1096 2068 frigere
1112 1972 1366 2047 vehementer:
1392 1998 1529 2071 proque
1548 1974 1601 2046 his
1617 1971 1721 2047 semel
1740 1973 1884 2046 univer·

591 2090 651 2141 um
677 2070 855 2144 malorum
885 2071 922 2143 &
949 2069 1191 2144 calamitatum
1218 2093 1350 2168 agmen
1374 2072 1544 2144 inundare
1563 2072 1599 2143 in
1617 2072 1729 2142 vitam
1749 2090 1885 2145 morta·

573 2163 686 2259 lium,
711 2167 802 2241 nihil
821 2192 894 2241 non
912 2186 991 2242 tum
1009 2164 1118 2263 facit,
1143 2187 1221 2241 tum
1239 2169 1395 2264 patitur,
1414 2167 1650 2242 submovendi
1669 2168 1751 2240 belli
1772 2170 1888 2266 pacis·

572 2285 651 2359 que·
661 2266 957 2361 conglutinandae
976 2262 1093 2339 studio
1106 2293 1127 2346 ε,
1143 2268 1197 2340 his
1208 2289 1351 2363 quoque
1361 2265 1678 2342 ultrosubmittens
1694 2262 1886 2366 sese,-qui-

573 2354 640 2428 bus
666 2358 761 2430 haud
787 2383 963 2456 quaquam
990 2383 1167 2469 parerat,
1194 2364 1218 2436 sr
1239 2362 1515 2439 celsitudinis&
1534 2362 1809 2462 dignitatissuae
1829 2390 1885 2439 ra·

572 2452 711 2531 tionem
739 2452 868 2526 habere
895 2453 1093 2547 maluisset,
1126 2485 1234 2551 quam
1262 2462 1515 2537 communibus
1538 2463 1663 2536 mundi
1681 2464 1888 2539 commodis

573 2546 779 2624 consulere:
806 2549 873 2622 hac
891 2548 1038 2646 quidem
1056 2552 1093 2621 in
1112 2575 1170 2642 re,
1198 2551 1287 2622 ficut
1306 2556 1344 2624 in
1362 2561 1503 2629 caeteris
1518 2559 1708 2655 omnibus,
1723 2562 1883 2636 animum

571 2669 658 2725 vere
682 2646 859 2724 sublimen
884 2671 927 2719 ac
952 2669 1120 2748 germane
1146 2650 1288 2747 regium
1316 2648 1496 2745 praestans.
1542 2655 1669 2748 Itaque
1695 2657 1885 2756 postquam

494 2835 497 2840 ,
571 2744 680 2821 video
706 2746 863 2823 summos
887 2744 985 2821 orbis
1003 2746 1206 2845 principes,
1233 2768 1356 2842 regem
1384 2745 1518 2821 Galliae
1543 2751 1774 2848 Francisrum‚
1811 2763 1882 2831 Ca·
1980 2753 1988 2756 ’

570 2847 702 2940 roiam,
727 2869 849 2944 regem
868 2845 1115 2940 catholicum,
1140 2847 1284 2943 Regem
1306 2844 1453 2941 Angliae
1471 2846 1678 2937 Hemicurn,
1704 2849 1885 2927 Caesarem

571 2945 877 3040 Maximianum,
902 2942 1065 3019 funditus
1091 2942 1208 3017 recisis
1236 2943 1416 3016 bellorum
1443 2938 1657 3035 seminariis,
1682 2968 1806 3041 pacem
1827 2949 1883 3021 so·

570 3039 676 3133 lidis,
711 3045 771 3136 &,
805 3045 860 3115 uti
886 3040 988 3138 spero
1014 3042 1246 3117 adamantinis
1264 3041 1417 3115 vinculis
1435 3038 1681 3136 adstrinxiffe,
1708 3043 1884 3120 nimirum
1977 3088 1979 3091 ·

534 3145 537 3149 ’
570 3157 706 3211 certam
734 3140 773 3212 in
797 3137 895 3237 spem
923 3162 1060 3234 vocor,
1094 3139 1193 3232 fore,
1228 3159 1361 3214 utnon
1379 3136 1493 3212 solum
1512 3137 1618 3236 probi
1637 3164 1776 3235 mores,
1802 3145 1880 3240 pie-

571 3251 697 3335 tasque
722 3236 948 3331 Christiana,
983 3258 1108 3313 verum
1135 3240 1242 3312 etiam
1269 3239 1493 3336 purgatiores
1512 3237 1613 3329 illae,
1641 3263 1683 3312 ac
1700 3261 1885 3337 germanae

568 3331 709 3429 literae,
741 3334 1068 3436 pulcherrimaque
1085 3336 1309 3434 disciplinae,
1336 3336 1464 3435 partim
1485 3335 1723 3433 reviviscant,
1749 3343 1887 3439 partim

569 3432 788 3509 enitescant:
816 3433 1011 3530 praesertim
1032 3460 1114 3509 cum
1134 3435 1205 3508 boc
1224 3459 1369 3531 quoque
1386 3434 1462 3532 pari
1480 3433 1597 3510 studio
1612 3437 1684 3531 jam
1703 3459 1812 3534 agant
1824 3439 1881 3515 di·

568 3529 677 3613 versis
698 3532 824 3610 mundi
848 3534 1079 3631 regionibus,
1105 3536 1239 3607 Romae
1258 3535 1326 3606 Leo
1344 3534 1386 3606 P.
1404 3532 1449 3606 M
1455 3589 1464 3604 .
1481 3533 1575 3631 apud
1593 3534 1772 3632 Hispanos
1792 3543 1882 3615 crr-
1921 3571 1923 3574 ’

568 3629 694 3704 dinalis
728 3628 946 3718 Toletanus'e
977 3632 1073 3728 apud
1102 3631 1243 3728 Anglos
1268 3632 1354 3704 Rex
1380 3632 1577 3725 Henricus,
1620 3635 1697 3731 ejus
1723 3637 1880 3711 nominis

568 3734 728 3822 adaeus,
756 3753 823 3802 nec
850 3727 923 3827 ipse
949 3730 1149 3803 litterarum
1176 3731 1392 3827 imperitus·>
1414 3731 1507 3827 apud
1527 3756 1593 3805 nos
1609 3732 1698 3806 Rex
1715 3736 1881 3825 Carolus,

567 3820 702 3899 divinae
729 3828 916 3926 cujusdam
944 3827 1073 3902 indolis
1098 3826 1331 3915 adolescens3
1375 3828 1468 3923 apud
1497 3827 1631 3903 Gallos.
1650 3832 1736 3903 Rex
1763 3835 1875 3904 Fran·

568 3919 669 4030 fiscus
695 3923 781 4000 huic
807 3926 958 4024 negotio
981 3926 1096 3999 veluti
1121 3944 1244 4020 natus,
1279 3927 1341 4025 qui
1360 3927 1647 4024 praemiis‘etiam
1660 3925 1900 4021 amplissimis·

569 4017 737 4111 invitat,
755 4022 793 4098 &
820 4023 934 4095 allicit
960 4024 1216 4121 undecunque,
1252 4025 1348 4097 viros
1375 4024 1537 4119 virtute,
1560 4022 1792 4120 doblrinaque
1810 4050 1876 4099 ert·

570 4110 738 4195 cellentet
748 4148 764 4206 a
795 4120 891 4215 apud
918 4120 1120 4199 Germanos
1137 4147 1220 4294 ευὲ]
1240 4121 1301 4199 alii
1317 4124 1523 4224 complures
1539 4122 1676 4220 egregii
1693 4123 1875 4220 principer

1251 4239 1270 4316 ἰ
1419 4236 1422 4242 .
