4884 5042
610 568 680 649 μυ
738 635 745 646 ,
834 533 1220 619 HISTORIA
1270 531 1704 620 EVANGELII
1755 533 1926 639 ΛΑΜ.

611 710 641 761 ‚,
665 688 774 760 quam
797 658 896 735 varie
923 682 1054 756 corpus
1081 655 1216 730 Christi
1232 658 1443 757 accipiatur.
1495 656 1703 730 Invenimus
1721 677 1842 733 autem
1859 662 1929 734 tri·

613 814 642 859 „
667 762 789 835 fariam
818 759 862 830 de
889 756 1025 832 Christi
1049 777 1201 850 corpore
1224 755 1443 827 mentionem
1471 755 1509 826 in
1534 755 1570 828 S.
1587 754 1699 827 literis
1725 753 1817 828 fieri.
1867 761 1929 833 Se.

614 909 642 955 ,‚
668 862 734 930 mol
759 859 803 930 de
831 853 980 928 naturali
1005 874 1159 947 corpore
1181 849 1270 945 isto,
1302 852 1401 949 quod
1426 876 1471 925 ex
1492 852 1647 950 Virgine
1667 850 1788 924 Maria
1803 874 1931 932 natum

616 1007 645 1051 ,‚
670 956 742 1048 esi,
774 977 847 1051 quo
873 949 1040 1040 esurivit,
1067 945 1201 1041 sitivit,
1228 948 1361 1041 servit,¹
1382 947 1484 1040 alsit,
1509 948 1629 1021 hilaris
1648 972 1690 1021 ac
1707 949 1816 1023 tristis
1834 951 1930 1048 suit,

617 1100 648 1148 „
671 1049 769 1149 quod
803 1042 984 1146 postremo
1015 1045 1051 1115 in
1076 1068 1134 1116 ara
1154 1047 1274 1118 crucis
1298 1069 1365 1166 pro
1391 1045 1495 1117 nobis
1521 1046 1653 1118 caesum
1680 1042 1744 1118 est.
1800 1054 1929 1120 Iterum

532 1164 542 1179 ‘
618 1147 872 1244 „invenimus
899 1141 943 1214 de
968 1164 1146 1237 corpore,
1181 1141 1279 1239 quod
1297 1167 1318 1214 a
1334 1144 1484 1214 mortuis
1501 1143 1725 1234 excitatum,
1759 1162 1865 1240 atque
1883 1147 1928 1221 ab

617 1292 647 1340 „
671 1245 726 1318 his
750 1239 888 1313 morbis
916 1237 1130 1311 defaecatum
1148 1288 1181 1330 ,2
1202 1263 1267 1336 per
1293 1238 1505 1312 miraculum
1532 1259 1653 1315 tamen
1678 1238 1861 1339 discipulis
1886 1243 1931 1317 ad

617 1335 888 1439 „tangendum
915 1333 1118 1408 exhibitum
1144 1332 1208 1407 est.
1257 1333 1439 1429 polirem,
1467 1336 1512 1409 de
1529 1336 1682 1437 mystico
1700 1338 1776 1435 ejus
1792 1362 1931 1438 corpo-

617 1486 647 1532 „
669 1462 726 1529 re,
752 1433 852 1533 quod
868 1430 943 1525 est,
969 1427 1157 1504 Ecclefiae.
1190 1431 1464 1543 ‚Expendamus
1482 1434 1618 1533 igitur,
1643 1434 1820 1532 quodnam
1836 1438 1929 1512 isto·.

619 1583 648 1628 „
670 1557 747 1605 rum
773 1550 971 1628 corporum
995 1526 1041 1600 sit
1063 1527 1154 1628 thie,
1189 1526 1375 1628 discipulis
1403 1531 1541 1605 datum.
1590 1532 1840 1626 Nonprr'mum
1857 1533 1931 1608 hoc

620 1678 649 1726 ,‚
669 1627 852 1720 naturale,
885 1623 935 1697 fic
958 1625 1053 1699 euim
1078 1622 1138 1698 edi
1155 1647 1227 1699 non
1242 1625 1377 1725 posset,
1412 1628 1478 1703 nili
1495 1628 1660 1703 dentibus
1679 1630 1930 1726 mandaretur,

522 1779 529 1794 .
620 1774 650 1821 „
673 1751 743 1816 ac,
785 1741 829 1796 ut
857 1720 987 1818 reliqui
1020 1719 1123 1814 cibi,
1166 1725 1479 1819 commoleretur,
1513 1727 1630 1824 aqua
1653 1726 1930 1802 manducatione

621 1871 650 1917 ‚,
676 1819 840 1904 Christus
855 1814 928 1930 ipse
943 1837 1071 1893 avocat
1082 1819 1168 1911 Joh.
1180 1832 1216 1897 6.
1244 1823 1341 1897 Cum
1353 1824 1515 1917 Judaeis,
1534 1821 1930 1916 desenfibiliscorporis

621 1967 652 2012 ‚‚
676 1915 949 1992 manducatione
971 1942 1016 1991 co
1046 1918 1238 2013 itantibus‚
1274 1923 1360 1994 dum
1386 1918 1460 2017 ipse
1484 1919 1529 1991 de
1540 1918 1676 1992 fiducia
1691 1920 1728 1988 in
1743 1918 1777 1988 se
1792 1919 1931 1992 haben·

623 2065 653 2111 „
678 2014 722 2088 da
749 2013 959 2104 dissereret,
993 1941 1043 2085 ad
1062 2014 1161 2087 hunc
1187 2017 1340 2088 modum
1364 2015 1576 2108 respondit,
1618 2016 1705 2081 Caro
1729 2039 1788 2087 non
1805 2014 1933 2112 prodest

585 2198 588 2203 .
623 2158 653 2206 „
675 2117 862 2209 quicquam.
913 2110 1001 2179 Hoc
1027 2107 1134 2178 unice
1158 2109 1283 2208 volens
1298 2106 1515 2200 lconfutare‚
1553 2106 1590 2179 in
1641 2131 1689 2180 uo
1705 2113 1762 2183 isti
1778 2111 1933 2186 halluci-

622 2260 654 2306 ,‚
675 2208 870 2297 nabautur‚
893 2225 1022 2301 nempe
1036 2224 1246 2300 corpoream
1267 2199 1600 2278 manducationem:
1616 2132 1812 2287 <isoceuim
1824 2209 1931 2305 pasto

624 2330 794 2404 „neque
816 2300 983 2376 dentibus
1009 2300 1137 2392 tritus,
1171 2324 1216 2375 ne
1242 2325 1287 2376 ue
1305 2299 1490 2376 stomacho
1505 2296 1705 2401 postsecus,
1735 2327 1932 2402 quicquam

612 2455 655 2500 1„
676 2401 832 2515 prodest.
885 2395 999 2495 Quod
1026 2396 1051 2471 li
1075 2325 1241 2496 discipust
1264 2398 1309 2473 ad
1333 2398 1430 2472 hune
1457 2398 1606 2473 modum
1628 2399 1798 2496 edissent,
1830 2404 1934 2477 aliter

626 2552 656 2597 ‚,
677 2503 847 2574 nimirum
865 2495 1014 2573 edissent
1030 2515 1139 2596 atque
1155 2521 1243 2589 nos,
1268 2495 1352 2595 ipfis
1367 2496 1466 2569 enim
1484 2495 1671 2572 edentibus
1686 2499 1847 2574 nondum
1857 2518 1934 2577 erat

625 2651 654 2693 ,‚
680 2600 716 2672 in
734 2622 840 2672 cruce
858 2595 981 2673 caesus.
1030 2594 1195 2688 Deinde,
1217 2591 1404 2693 quomodo
1421 2587 1591 2693 potuisset
1609 2596 1845 2696 corporaliter
1853 2597 1932 2696 edi,

625 2747 656 2792 ‚,
706 2721 787 2770 uem
798 2692 1575 2796 opbrtcbatincrucecorporaliterextendi5
1595 2695 1692 2769 Cum
1703 2718 1793 2794 ergo
1802 2717 1935 2796 neget,

625 2845 655 2891 ‚‚
678 2723 955 2892 secuiporaliter
963 2790 1174 2868 devoratum
1185 2793 1377 2891 quicquam
1388 2789 1569 2889 prodesse,
1588 2792 1749 2888 constat,
1767 2795 1936 2871 haecver·

563 2936 579 2949 ··
627 2946 657 2993 ‚,
680 2893 747 2969 ba:
766 2891 1152 2989 Hocellcorpusmeum,
1177 2890 1277 2963 nulla
1285 2887 1385 2964 causa
1395 2889 1439 2963 de
1447 2891 1599 2965 naturali
1615 2917 1767 2992 corpore
1780 2893 1936 2992 intelligi

625 3042 656 3088 ‚‚
677 2993 828 3082 debere,
863 3008 905 3060 ut
922 2991 1020 3084 panis
1037 2989 1080 3065 fir
1096 3011 1251 3152 corpus:
1285 3011 1369 3059 nam
1387 3012 1520 3086 corpus
1536 2989 1579 3061 ad
1598 2991 1694 3064 huuc
1711 2989 1861 3064 modum
1877 2993 1934 3067 nis

626 3137 658 3181 ,‚
682 3088 733 3158 hil
753 3083 926 3185 prodest·‚·
939 3089 1034 3153 'cum
1053 3104 1138 3155 caro
1169 3100 1211 3154 it.
1258 3083 1329 3158 Sed
1343 3107 1460 3185 neque
1475 3083 1520 3159 de
1536 3111 1692 3189 corpore
1698 3089 1835 3184 fecundo
1851 3088 1935 3162 loco

627 3232 659 3274 „
682 3200 833 3278 accepto
850 3175 1005 3276 intelligi
1020 3176 1183 3276 possunt:
1198 3182 1392 3280 primum,
1418 3183 1516 3294 quod
1533 3183 1619 3261 disci
1648 3187 1700 3261 uli
1714 3211 1788 3259 non
1807 3186 1934 3258 codem

624 3327 659 3370 ‚‚
684 3276 817 3369 modo,
850 3299 923 3373 quo
950 3299 1039 3373 nos,
1071 3276 1236 3351 edissent:
1269 3277 1353 3376 ipfis
1377 3303 1475 3354 enim
1500 3214 1708 3373 edentibus,
1737 3304 1786 3353 ne¹
1799 3278 1935 3351 occisus

629 3424 661 3467 ‚‚
683 3372 830 3543 puidem
855 3373 1053 3449 etiamnum
1069 3393 1164 3468 erat,
1198 3375 1330 3452 nedum
1346 3376 1372 3450 a
1389 3379 1540 3451 mortuis
1554 3379 1741 3452 excitatus.
1797 3375 1935 3445 Secun-

630 3522 660 3566 ‚‚
707 3469 757 3565 ὸ,
781 3472 877 3568 quod
896 3474 967 3549 hoc
983 3499 1136 3573 corpus,
1160 3473 1259 3570 quod
1277 3474 1298 3548 a
1316 3476 1468 3550 mortuis
1486 3473 1701 3572 resurgendo
1710 3466 1933 3566 purissimum

625 3621 660 3664 ‚‚
677 3592 729 3642 ac
745 3569 1008 3646 mundissrmum
1026 3568 1201 3658 reddidit,
1228 3572 1332 3644 coelis
1343 3572 1491 3646 intulit:
1519 3570 1582 3643 ubi
1598 3566 1641 3640 ad
1658 3567 1840 3640 dexteram
1862 3568 1935 3643 Dei

631 3719 661 3764 ,‚
684 3664 780 3740 sedet
797 3666 849 3738 us
868 3691 912 3741 ue
937 3665 980 3737 ad
1007 3667 1102 3738 diem
1131 3661 1263 3761 istum,
1297 3676 1370 3764 quo
1397 3666 1570 3742 mundum
1587 3662 1785 3762 judicabit:
1815 3689 1933 3761 expe·

632 3818 660 3862 „
684 3762 809 3858 stans,
842 3692 958 3837 donec
985 3761 1124 3836 inimici
1151 3761 1235 3860 ejus
1264 3762 1456 3840 scabellum
1490 3760 1623 3860 pedum
1656 3759 1799 3833 suorum
1824 3762 1936 3859 fiant,

617 3863 783 3959 .,‚‘1·leb.
805 3886 860 3959 ιο.
896 3861 956 3934 De
980 3859 1106 3960 mystico
1130 3855 1217 3934 verb
1244 3885 1426 3961 corpore,
1459 3858 1559 3958 quod
1585 3857 1637 3934 est
1661 3858 1854 3954 Ecclesia,
1890 3861 1938 3936 sic

633 4012 661 4055 „
686 3986 759 4034 non
817 3958 934 4033 osl‘unt
959 3959 1115 4060 intelligi
1142 3956 1278 4032 Christi
1301 3961 1436 4054 verba,
1478 3975 1519 4029 ut
1541 3957 1681 4031 nullum
1705 3955 1840 4031 sensum
1867 3962 1940 4033 mi-

609 4110 660 4156 ·„
683 3985 930 4154 ausissent,
968 4081 1109 4162 quam,
1148 4060 1223 4163 Hac
1247 4053 1577 4152 estcavprumm,
1609 4055 1748 4154 idest,
1779 4057 1938 4235 Isteffi

1832 4207 1862 4252 ss
