4884 5042
845 654 1495 731 annovera
1756 622 1919 730 rm'

520 776 730 874 cumprimis
747 773 848 865 sunt,
885 775 973 873 Ejus
991 775 1030 844 de
1039 770 1162 861 studiis
1177 778 1369 869 Principum
1382 822 1407 883 ,ο
1426 774 1469 885 de
1487 773 1566 884 desso
1585 772 1756 885 Tmfcs’.
1781 765 1820 838 δί

452 897 456 904 ·
521 877 565 947 de
583 872 757 945 Laudibus
776 873 916 969 Philippi
934 874 1091 944 Elesiorir
1109 869 1319 962 Tradimus,
1353 869 1439 942 editt
1457 870 1519 942 sub
1536 889 1595 942 ttt.
1615 870 1819 962 Philippica,

405 1050 410 1054 ,
520 973 636 1045 Potio
669 974 744 1068 ejus
780 970 1003 1080 Agatarchio,
1037 971 1075 1043 &
1112 971 1188 1068 ejus
1214 968 1458 1063 Adolescentia,
1492 968 1649 1063 itemque
1676 963 1819 1060 Stilpho,

520 1068 668 1167 scriptio
692 1071 729 1139 in
755 1067 917 1139 hommes
940 1067 990 1139 sui
1010 1065 1118 1139 seculi
1137 1063 1439 1141 vehementissime
1454 1061 1535 1134 salsa
1552 1061 1626 1134 imis
1646 1063 1822 1153 mordax,

519 1168 559 1242 &
585 1167 620 1239 di
651 1190 695 1237 na
717 1161 880 1262 prosedto
905 1165 985 1236 luce
1003 1165 1160 1261 publica.
1212 1164 1451 1261 Deinceps&
1468 1161 1652 1257 Apologia»,
1668 1158 1820 1230 eundem

519 1190 665 1336 edidiie
688 1262 854 1333 novimus
869 1285 936 1358 pro
955 1259 1130 1358 Republica
1147 1259 1336 1351 christiana
1351 1266 1506 1359 Argent.
1528 1267 1692 1366 150624·
1716 1257 1823 1362 item·

522 1384 593 1458 que
628 1358 841 1433 Orationem
875 1357 932 1429 de.
952 1367 1078 1455 Spiritu
1111 1362 1148 1434 S.
1174 1363 1297 1433 Patav.
1328 1381 1432 1455 1507.
1458 1379 1495 1451 4.
1542 1352 1679 1426 .Var1ae
1711 1369 1822 1421 ettam

520 1458 599 1555 ejus
620 1475 745 1530 extant
763 1450 903 1549 Epistola
914 1455 1007 1534 ,recl
1024 1458 1349 1552 proprionornine,
1368 1452 1579 1527 vesnomine
1589 1452 1737 1521 Palatini
1746 1445 1823 1518 Co·

485 1628 487 1633 ,
518 1553 649 1644 mitis,
678 1551 852 1649 Episcopi
885 1553 1035 1645 Spiraerfis
1070 1553 1107 1624 δε
1135 1554 1287 1626 aliorum
1312 1550 1468 1649 seriptae.
1526 1549 1655 1622 Edidit
1678 1563 1824 1644 quoque

518 1648 689 1741 Epitomen
717 1672 829 1717 rerum
856 1647 1130 1718 Germanicarum
1146 1649 1190 1720 ad
1209 1652 1378 1722 Senatum
1399 1644 1697 1745 Argentinensem
1717 1649 1730 1734 (
1751 1640 1764 1720 i
1784 1638 1824 1711 δε

518 1744 587 1816 alia
603 1768 709 1841 quam
724 1743 861 1835 multa,
885 1769 967 1840 quae
985 1746 1006 1816 i
1024 1743 1239 1818 Dotriffimo
1260 1746 1520 1827 HARDFIO
1536 1759 1823 1817 commemoran-

518 1857 580 1914 tur
595 1839 799 1912 ineraefat.
821 1840 872 1912 ad
883 1843 997 1914 Tom.
1016 1867 1043 1913 t.
1071 1845 1300 1941 Autograph.
1323 1842 1476 1914 Lutheti
1494 1866 1531 1938 p.
1551 1864 1609 1926 29.
1632 1859 1686 1938 30.
1708 1854 1765 1934 ῃ.

523 1979 527 1985 ·
565 1949 599 2024 §.
625 1936 799 2010 LXXX.
825 1939 896 2010 Sed
922 1960 967 2008 ne
992 1940 1230 2014 PETRUM
1256 1939 1381 2010 Schade
1398 1938 1824 2037 fitentiopraetereamus„

513 2033 650 2109 dietum
668 2034 690 2107 i
708 2032 862 2106 Mosella
878 2035 1018 2127 fluvio,
1046 2038 1091 2108 in.
1103 2040 1206 2134 cujus
1222 2037 1353 2109 vicinia
1369 2054 1585 2128 natusentt,
1611 2031 1821 2107 MOSEL-

514 2131 750 2224 LANUM‚
769 2130 982 2230 graviffimae
1001 2131 1081 2208 sunt
1098 2135 1274 2208 rationes:
1303 2136 1338 2208 ls
1350 2133 1515 2232 equidem
1527 2132 1654 2205 humili
1664 2133 1749 2205 loco
1757 2153 1820 2201 na·

514 2247 595 2326 tus,
619 2249 728 2329 atque
744 2226 765 2302 i
784 2232 901 2304 tenuis
916 2229 1073 2305 fortunae
1092 2230 1323 2331 parentibus,
1348 2233 1385 2304 in
1403 2229 1739 2331 agroTrevitenfi,
1761 2227 1821 2301 sed

514 2327 662 2425 ingenio
686 2346 793 2422 atque
809 2327 995 2427 diligentia
1012 2331 1175 2429 adjutus,
1211 2328 1305 2402 haud
1323 2330 1510 2428 vulgarem
1530 2328 1595 2401 fibi
1606 2325 1820 2426 jaminJu·

1128 2428 1193 2498 Aa
1221 2446 1247 2517 32
1760 2445 1825 2497 ve·

516 2615 587 2681 ditis
616 2612 793 2681 hominibus
818 2611 911 2694 hujus
933 2612 1067 2678 consilio
1090 2612 1199 2697 paffint
1222 2616 1403 2682 commissas
1447 2617 1523 2698 Qui
1536 2635 1632 2697 quarn
1653 2617 1823 2700 capitaliter

515 2705 644 2778 luxum,
673 2698 832 2764 avaritiam
854 2695 885 2761 dt
907 2695 1109 2763 ambitionem
1132 2696 1253 2780 oderit,
1281 2698 1477 2782 frugaliffime
1490 2695 1560 2762 adia
1574 2699 1638 2762 vita
1652 2700 1762 2777 docet,
1790 2700 1822 2766 dt

513 2780 674 2864 splendida
687 2779 764 2863 saepe
777 2780 903 2844 sottum
917 2792 1116 2862 contempta,
1139 2797 1236 2864 parvo
1251 2779 1368 2862 semper
1384 2794 1552 2844 contentus
1568 2781 1717 2853 animus,
1729 2780 1822 2845 sed&

514 2863 660 2932 adversus
676 2864 731 2930 illa
749 2864 822 2928 vitia
834 2862 1073 2948 gravesLibelli
1090 2863 1232 2946 &adop
1253 2865 1344 2929 oiitas
1358 2863 1486 2928 virtutes
1502 2859 1824 2954 inflammantiascrip·

514 2958 547 3014 t'a
568 2948 649 3031 apud
672 2949 811 3032 posteros
835 2950 964 3029 quoqne
979 2945 1178 3013 testabuntur.
1227 2884 1403 3033 Religionis
1418 2938 1598 3010 Christianae
1614 2944 1682 3028 pius
1699 2945 1804 3007 enitor
1814 2984 1826 3018 ,

514 3031 784 3114 quemadmodum
803 3029 1014 3114 Theologum
1036 3031 1300 3114 &Presbyterum
1316 3027 1615 3114 inprimisdeeebat,
1643 3027 1745 3092 bonos
1762 3024 1831 3094 vi·
1850 3059 1853 3065 ,

513 3135 567 3181 ros
588 3118 682 3182 etiam
697 3116 731 3180 iu
748 3115 913 3180 Coenobiis
926 3116 1073 3198 degentes
1087 3115 1276 3184 saniliariter
1291 3116 1408 3182 dilexit.
1449 3112 1547 3196 Apud
1563 3111 1685 3196 Spiram
1701 3110 1823 3177 Nemo·

513 3215 582 3265 tum
605 3201 636 3264 in
660 3195 761 3283 Regio
781 3200 838 3263 iilo
865 3202 980 3276 templo
997 3199 1116 3280 aliquot
1128 3203 1216 3266 annis
1229 3219 1356 3267 munere
1368 3198 1606 3265 concionatoris
1622 3195 1746 3262 inustus
1759 3197 1799 3262 en
1810 3218 1832 3278 ς.

513 3279 637 3365 Primus
650 3279 721 3346 sane
737 3283 813 3346 inter
828 3283 909 3346 cives
927 3281 1016 3363 suos,
1045 3284 1097 3365 qui
1111 3284 1247 3349 carmine
1263 3285 1293 3350 dt
1308 3285 1446 3349 oratione
1458 3281 1548 3366 prosa
1562 3298 1652 3363 atque
1666 3282 1830 3348 editorum·

512 3368 711 3432 voluminum
733 3383 865 3429 numero
879 3367 909 3428 in
925 3368 1012 3431 omni
1028 3365 1107 3448 pene
1124 3365 1227 3449 scripti
1244 3387 1352 3452 genere
1369 3367 1449 3448 apud
1464 3366 1598 3434 eruditos
1614 3364 1737 3431 laudem
1753 3383 1821 3429 me·

510 3453 611 3517 ruerit.
653 3446 743 3514 Nam
766 3448 910 3533 Hugonis
928 3448 1045 3514 Veteris
1061 3449 1168 3515 Theoi
1212 3455 1238 3530 i,
1264 3466 1370 3534 pretet
1382 3451 1639 3515 Commentarios
1653 3468 1755 3514 rerum
1769 3447 1821 3514 sa·

514 3551 637 3598 aarum
661 3531 691 3596 dt
715 3531 1025 3611 assentationis,
1052 3546 1164 3612 preter·
1200 3532 1643 3600 nieorum-Aristotelicorum
1657 3533 1818 3616 expofitio'·

515 3635 606 3698 nem,
635 3617 824 3681 nihiihodie
846 3631 938 3681 extat.
980 3614 1115 3694 Jacobus
1140 3613 1307 3701 spiegelius
1334 3614 1584 3696 J'nreconsultus,
1612 3614 1818 3696 &Iohannes
1941 3686 1950 3693 ἡ

516 3699 628 3783 Msjus
649 3700 753 3766 fratres
776 3700 865 3784 Regii
889 3699 1047 3765 Secretarii
1068 3701 1190 3782 utrique
1208 3701 1389 3765 Avunculo.
1412 3697 1448 3763 Β.
1465 3697 1518 3765 Μ.
1538 3700 1711 3767 statement.
1732 3699 1823 3763 Vixit

517 3802 617 3849 annos
635 3800 768 3849 tratur.
791 3781 921 3848 Menses
938 3804 986 3849 m:
1008 3784 1072 3848 dies
1086 3800 1147 3850 tn.
1168 3785 1243 3849 obiit
1270 3786 1310 3846 A.
1325 3780 1380 3845 Μ.
1397 3780 1443 3847 Ι).
1459 3801 1567 3850 txtrn.
1588 3786 1713 3850 decimo
1727 3780 1818 3862 quin·

514 3865 707 3933 to-Calend.
730 3867 885 3930 Decembs
902 3865 1129 3949 magdalenam
1144 3881 1275 3931 matrem
1290 3863 1454 3929 faeminam
1468 3872 1561 3949 piane
1571 3867 1749 3934 Christiana
1764 3880 1830 3942 pa«

515 3948 644 4018 dentiae,
673 3968 769 4031 quum
791 3949 910 4013 difficili
933 3952 1056 4012 morbo
1069 3947 1216 4032 oppressa·
1232 3968 1311 4013 non·
1323 3947 1451 4012 modico
1463 3966 1603 4032 tempore
1617 3944 1747 4030 prestitit
1763 3964 1819 4010 eo·

518 4029 592 4092 dem
614 4029 757 4107 sepulcro
783 4033 833 4110 (id-
845 4031 931 4112 quod
944 4033 1015 4095 rita
1029 4034 1244 4115 optaveratob
1258 4048 1399 4098 amorem
1413 4030 1529 4112 fratris)
1545 4032 1638 4097 iidem
1653 4027 1709 4093 filii
1722 4032 1830 4110 patin

514 4111 584 4197 post
600 4115 846 4179 collocaverunt.

522 4195 607 4363 mg)
630 4191 741 4364 {1⁰:¹3⁷
751 4194 919 4284 libellum²
935 4198 1069 4268 recenset
1095 4199 1126 4264 dt
1148 4197 1262 4266 laudat.
1277 4193 1537 4269 stnuvws
1550 4194 1585 4261 ia
1606 4189 1686 4259 Bibl.
1708 4193 1820 4278 Λυκίᾳ
