4884 5042
1159 437 1269 577 ‹ii-i

1194 668 1238 742 B.

636 859 874 1000 Diploma
895 859 1304 1001 Indulgentiarum
1326 856 1659 987 Arcimboldi‚
1695 867 1789 974 unb

699 1021 781 1071 cum
802 996 1048 1096 subscriptione
1065 995 1319 1070 TETZELll
1341 997 1415 1092 ejus
1432 995 1732 1074 Subcommill'arii.

568 1183 775 1398 JOhannes
797 1236 952 1336 Angelus
978 1235 1334 1330 Arcimboldus,Juris
1361 1235 1553 1333 Utriusque
1575 1235 1736 1328 Doslor,
1764 1239 1861 1313 Praei

637 1332 764 1428 pofitus
776 1331 817 1405 de
834 1329 998 1420 Arciliite,
1024 1335 1280 1405 Protonotarius
1292 1333 1327 1404 &
1344 1331 1609 1405 Referundarius
1632 1331 1864 1430 Apostolicus,

571 1452 635 1503 nec
655 1451 724 1499 nori
743 1427 785 1499 ad
803 1424 1069 1514 Coloniensem,
1094 1425 1364 1515 Treverenscm,
1389 1425 1691 1524 salzburgensem,
1714 1427 1865 1499 Bisunii·
1915 1437 1918 1443 '

572 1521 732 1610 nensem,
757 1518 992 1607 Bremensem,
1019 1543 1058 1592 ac
1081 1520 1326 1617 Upsalensein,
1353 1520 1544 1617 provincias
1576 1520 1806 1618 illarumque,
1825 1544 1866 1595 ac

575 1616 876 1703 Cameracensem,
901 1614 1174 1701 Tornacensem,
1199 1614 1453 1703 Morinenscm,
1477 1612 1768 1703 Attrebatensem,
1795 1614 1865 1687 Ca·

574 1708 760 1782 minensem
779 1709 817 1782 &
832 1706 1036 1780 Misnensem
1054 1708 1204 1781 civitates
1216 1709 1252 1780 &
1264 1708 1443 1794 dioeceses,
1466 1709 1566 1804 super
1581 1709 1782 1781 executione
1794 1708 1866 1804 ple-

573 1801 781 1877 niffimarum
810 1801 1097 1900 indulgentiarum
1126 1801 1299 1907 immensae
1334 1803 1487 1875 Fabricae
1516 1800 1660 1906 basilicae
1691 1803 1806 1878 Princi
1834 1804 1861 1879 is

574 1897 825 1996 Apostolorum
840 1897 1081 1993 coelorumque
1092 1896 1269 1995 Clavigeri
1279 1897 1321 1968 de
1336 1895 1420 1968 urbe
1433 1898 1597 1969 Nuncius
1610 1899 1645 1970 ὃ(
1658 1828 1865 1971 Commib'a·

576 1992 666 2080 rius,
686 2016 706 2063 a
724 1990 936 2064 Sanslislrmo
955 1995 989 2065 in
1009 1990 1151 2062 Chrillo
1169 1991 1321 2064 Patre&
1340 1989 1496 2063 Domino
1516 1989 1651 2080 nostro,
1675 1991 1724 2065 D.
1747 1993 1869 2066 Leone

575 2088 670 2184 Papa
693 2086 742 2160 X.
765 2087 947 2184 specialiter
969 2085 1171 2252 deputatus,
1194 2103 1299 2182 prout
1321 2083 1356 2190 ln
1375 2085 1477 2157 literis
1498 2085 1648 2191 ejusdem
1673 2081 1865 2161 sandbillimi

577 2180 723 2256 Domini
749 2181 855 2254 nostri
873 2183 976 2279 Papae
1013 2181 1062 2254 ub
1087 2178 1234 2277 plumbo
1256 2181 1353 2253 editis
1375 2180 1508 2277 plenius
1532 2199 1747 2272 continetur,
1769 2181 1868 2268 Duo

579 2275 640 2380 §bo
652 2275 796 2345 nobisin
808 2277 950 2348 Christo
967 2277 1101 2347 Andreae
1125 2278 1375 2374 Hammelshayn
1399 2274 1539 2349 salutem
1563 2279 1596 2347 in
1609 2275 1765 2351 Domino
1781 2275 1881 2350 sem·.

578 2387 755 2466 piternam.

629 2456 800 2554 Exigente
817 2458 882 2553 piae
904 2459 1095 2532 devotionis
1111 2455 1258 2549 asseslu,
1289 2485 1393 2558 quem
1412 2485 1473 2536 nos
1491 2489 1570 2565 erga
1591 2464 1730 2555 Deum,
1756 2465 1792 2540 ὅ(
1814 2464 1866 2541 di·

580 2552 671 2628 &am
690 2550 856 2624 basilicam
875 2571 908 2623 te
927 2553 1048 2625 habere
1067 2555 1315 2648 cognovimus,
1339 2578 1381 2624 eo
1407 2560 1500 2653 quod
1523 2584 1587 2654 pro
1612 2561 1876 2636 continuatione·

579 2668 648 2724 tam
671 2644 823 2720 immensi
840 2647 951 2745 operis
968 2671 1012 2720 ex
1030 2646 1236 2744 pinguedine
1254 2646 1420 2720 charitatis
1433 2651 1532 2743 juxta
1551 2652 1789 2745 Apostolicum
1814 2655 1864 2726 in·

498 2807 500 2810 ,
580 2743 718 2822 dultum
739 2765 858 2814 manus
871 2742 1050 2838 porrexisti
1067 2740 1256 2834 adjutrices.
1306 2739 1387 2812 ldeo
1401 2745 1580 2814 autoritate
1593 2743 1791 2837 Apostolica
1804 2769 1868 2818 no·

581 2837 634 2911 bis
647 2837 765 2910 tradita
787 2838 810 2885 *l
824 2856 855 2911 te
877 2838 1096 2911 concedimus
1118 2833 1310 2909 facultatem
1323 2834 1470 2932 eligendi
1489 2834 1649 2907 idoneum
1668 2835 1877 2932 secularem,

580 2933 637 3006 vel
659 2933 811 3030 cujusvis
830 2931 928 3004 etiam
961 2930 1224 3007 mendicantium
1250 2929 1378 3003 ordinis
1407 2930 1595 3028 regularem
1619 2927 1868 3025 consessorem,

582 3029 644 3124 qui
662 3025 867 3098 confessione
885 3048 943 3099 tua
965 3028 1143 3127 diligenter
1159 3025 1294 3115 audita,
1315 3049 1380 3123 pro
1396 3023 1577 3098 conimiffis
1600 3048 1660 3121 per
1679 3045 1711 3098 te
1728 3024 1869 3099 exceffi·

582 3118 663 3211 bus,
692 3120 914 3211 criminibus,
939 3122 1071 3196 delislis
1093 3143 1195 3219 atque
1214 3122 1358 3287 peccatis
1377 3140 1684 3286 quantumcungue
1703 3120 1870 3227 gravibus

585 3216 622 3290 ὃ(
640 3215 853 3304 enormibus,
875 3219 975 3290 etiam
992 3218 1060 3291 sedi
1079 3216 1212 3313 Apollo
1228 3218 1288 3290 icae
1301 3215 1490 3305 reservatis,
1514 3214 1612 3288 etiam
1629 3215 1730 3288 italia
1741 3213 1870 3309 forent,

582 3333 723 3419 propter
741 3335 821 3408 quae
839 3309 928 3384 stades
946 3312 1015 3409 ipsa
1036 3309 1233 3409 Apostolica
1255 3309 1334 3384 esset
1352 3310 1473 3384 merito
1489 3310 1711 3399 consulenda,
1733 3334 1772 3383 ac
1790 3334 1870 3384 cen·

585 3410 671 3480 suris
692 3405 948 3494 Ecclesiasticis,
971 3407 1069 3480 etiam
1090 3406 1132 3478 ab
1144 3406 1283 3479 homine
1295 3406 1334 3477 ad
1347 3405 1490 3501 alicujus
1504 3404 1691 3477 instantiam
1705 3404 1795 3492 latis,
1828 3407 1872 3480 de

583 3499 745 3575 consensu
761 3500 906 3597 partium
919 3500 1018 3574 etiam
1034 3502 1161 3575 ratione
1177 3499 1346 3573 interdieli
1364 3499 1524 3586 incursis,
1550 3501 1585 3573 dt
1606 3523 1757 3595 quorum
1776 3499 1872 3573 abso·

583 3596 673 3670 lutio
685 3596 788 3670 diuae
801 3595 873 3669 sedi
889 3595 969 3670 eslet
988 3595 1168 3685 reservata,
1189 3614 1417 3761 pkaeterquam
1434 3593 1689 3669 machinationis
1706 3593 1741 3666 in
1760 3592 1874 3682 perso·

1790 3711 1870 3762 naui

632 3885 655 3930 *
675 3880 726 3947 lta
738 3896 853 3947 contra
866 3880 1019 3967 Syntairin
1033 3878 1133 3946 habet
1146 3880 1238 3946 litera
1251 3879 1454 3965 diplomatis,
1476 3882 1530 3947 cui
1542 3931 1551 3961 ,
1564 3892 1677 3948 caetera
1690 3875 1796 3942 omnia
1813 3875 1876 3940 im·

590 3959 695 4045 prelio
705 3963 872 4028 Tetzelius
885 3984 1003 4029 nomen
1018 3965 1166 4050 petitoris
1181 3963 1510 4050 indulgentiarum&
1526 3962 1716 4052 pronomina
1730 3958 1875 4045 applica*

591 4045 686 4109 tionis
700 4058 750 4124 te,
770 4059 911 4128 tuorum,
933 4045 1007 4127 tibi,
1028 4046 1094 4116 tuis
1106 4068 1203 4118 manu
1217 4045 1271 4116 sua
1284 4045 1452 4135 inscripsit.
