4884 5042
1229 598 1250 687 ·(
1269 595 1372 686 166·“·)

690 753 780 826 uales
791 746 1005 824 Christusait
1016 746 1137 819 intrare
1150 745 1183 818 in
1195 767 1340 844 regnum
1353 744 1688 832 coelorum,·iilienos
1704 744 1832 820 scilieet
1845 748 1964 827 abes-

653 775 812 919 ?effibus
829 844 1000 944 malignis,
1021 845 1056 913 ὃ(
1069 843 1122 937 pie
1135 841 1319 934 simplices,
1341 841 1495 913 nondum
1514 843 1625 933 privis
1637 842 1895 946 cupiditatibus
1907 847 1964 920 in·

640 978 643 983 Δ
664 939 786 1012 fessos.
834 938 1021 1012 Concludit
1039 936 1167 1008 Paulus
1181 935 1280 1009 minis
1296 938 1472 1030 prophetae
1487 934 1610 1034 Esajae,
1631 960 1693 1030 qui
1709 937 1810 1010 dicit:
1842 939 1964 1017 Vari'n

665 1033 790 1132 linguis
804 1032 947 1105 &labiis
963 1030 1059 1102 variis
1074 1030 1195 1125 loquar
1206 1031 1338 1125 populo
1354 1029 1450 1115 huie,
1475 1029 1512 1100 ὃ(
1531 1055 1574 1102 ne
1593 1031 1637 1101 lie
1653 1031 1794 1125 quidem
1811 1038 1964 1108 nument

663 1150 735 1216 me,
759 1129 840 1200 dicit
856 1128 1035 1197 Dominus.
1085 1127 1197 1212 Sicut,
1216 1146 1296 1194 cum
1310 1122 1424 1215 Judiei
1434 1122 1657 1220 neglexerunt
1674 1125 1826 1221 signum,
1857 1128 1963 1223 quod

666 1221 783 1294 datum
801 1220 849 1292 est
868 1245 900 1291 in
920 1220 1075 1290 varietate
1101 1218 1146 1289 lin
1174 1239 1294 1288 uarum
1315 1220 1345 1287 A
1374 1218 1489 1288 ollolis
1506 1242 1564 1312 pei·
1582 1219 1747 1314 Spiritum
1771 1218 1963 1311 san&um,

600 1391 604 1398 ,
644 1315 735 1388 ‘·dati
752 1314 828 1387 sunt
846 1316 880 1386 in
896 1314 1079 1385 excitatem
1098 1241 1312 1408 &igaqueom
1348 1310 1477 1414 usli-ex
1503 1312 1582 1383 filiis
1601 1311 1775 1415 regnisilii
1796 1315 1964 1390 tenebra·

654 1432 763 1498 rum,
783 1432 859 1482 nain
874 1428 1012 1506 propter
1022 1404 1260 1504 ineredulosid
1272 1404 1354 1502 signi
1366 1402 1519 1476 dabatur.
1571 1409 1619 1478 lta
1629 1430 1709 1479 cuin
1723 1412 1964 1504 interpretati·
1987 1440 1989 1444 ·

652 1507 742 1577 -onis
778 1503 875 1591 tatia,
899 1524 979 1597 quae
993 1520 1130 1596 propter
1140 1502 1311 1574 credentes
1319 1499 1392 1572 dati
1404 1501 1650 1590 contemnitur,
1671 1524 1739 1571 non
1750 1502 1962 1579 destiturum

654 1599 705 1672 ·&
719 1624 764 1670 no
791 1599 817 1670 is
832 1597 976 1669 nostram
995 1618 1150 1692 poenam,
1172 1619 1215 1667 ne
1232 1592 1457 1691 ambigimus.
1506 1595 1652 1668 Proinde
1671 1595 1772 1684 boni,
1798 1602 1905 1695 quod
1927 1601 1964 1674 in

667 1714 739 1765 rem
759 1693 901 1765 vestiam
928 1692 1062 1787 agitur,
1084 1690 1259 1762 consulite.
1310 1687 1496 1783 Denique,
1522 1713 1563 1760 ne
1586 1690 1685 1762 etiam
1707 1689 1769 1759 alia
1790 1697 1962 1786 prorsum

651 1809 733 1860 'vos
745 1787 880 1873 lateant,
900 1784 1016 1856 audire
1029 1808 1076 1854 ⁴ne
1093 1808 1197 1881 grave
1216 1782 1272 1869 sit,
1294 1783 1408 1854 adhuc
1425 1806 1531 1877 pauca
1541 1784 1696 1878 quaedam
1709 1808 1780 1854 non
1808 1786 1964 1864 inutilia.

651 1885 801 1978 'Aspergi
815 1885 922 1971 :solerii
935 1905 1045 1975 aqua,
1066 1881 1296 1950 Acceidunmr
1324 1885 1405 1947 cerei
1416 1931 1426 1961 ,
1453 1875 1661 1956 (lfleruniut
1684 1877 1762 1948 Deo
1788 1903 1962 1959 munera:

669 1973 768 2064 Quid
786 1974 846 2045 sibi
862 1973 936 2045 haec
954 1972 1099 2044 volunt?
1122 1975 1183 2045 Ne
1197 1964 1322 2042 frustra
1337 1969 1507 2065 speiietis,
1529 1975 1634 2043 trium
1653 1971 1751 2044 vobis
1766 1997 1895 2048 curam
1925 1979 1963 2052 iu

652 2064 768 2137 sacris
779 2068 843 2140 elle
855 2069 969 2140 veliin.
1020 2072 1166 2135 Primum
1206 2062 1367 2137 urificetis
1383 2065 1965 2151 mentem‚humiliterconfitenros

670 2158 750 2232 Deo
762 2183 896 2256 pecmta
913 2159 1039 2245 vestra,
1060 2157 1163 2261 idque
1176 2088 1237 2229 ἰώ
1253 2155 1386 2227 initium
1406 2159 1570 2254 liturgiae,
1593 2157 1861 2256 saepedicentes,
1878 2167 1919 2240 K
1947 2211 1965 2229 .

631 2277 634 2283 ⁴
670 2253 718 2325 rie
728 2251 881 2351 eleyson,
903 2253 1053 2347 Domine
1064 2252 1235 2339 miserere,
1259 2250 1507 2323 &Orationem
1526 2256 1742 2326 dominicam.
1791 2267 1903 2332 Securi
1927 2293 1964 2352 o,

669 2352 913 2436 illuminemini,
931 2347 1087 2418 audiendo
1098 2347 1241 2418 uerbum
1254 2353 1401 2434 Domini,
1422 2347 1517 2442 quod
1530 2346 1682 2422 lucidum
1694 2349 1760 2440 est,
1780 2352 1820 2424 &
1832 2359 1967 2431 oculos

657 2442 857 2528 -illuininat,
878 2443 1225 2539 interitumque-dat
1236 2442 1446 2537 parvulum
1457 2439 1582 2516 divinis
1593 2442 1877 2536 promissionibus
1887 2453 1968 2524 ani·

651 2546 770 2610 'imum
789 2539 822 2609 in
841 2536 908 2609 lide
921 2536 1036 2632 &spe
1049 2537 1241 2610 confirmat.
1293 2543 1449 2625 Domum,
1473 2540 1551 2633 post
1568 2539 1642 2610 haec
1657 2563 1720 2611 vos
1736 2540 1817 2612 Deo
1834 2542 1968 2620 ollem·

542 2692 544 2696 .
669 2633 726 2706 ris.
774 2631 934 2705 Offetatis
954 2633 1109 2728 inquam,
1130 2657 1200 2704 iion
1216 2654 1339 2704 aurum
1353 2634 1407 2704 vel
1419 2651 1613 2730 argentum,
1636 2631 1691 2705 sed
1715 2657 1778 2705 vos
1805 2634 1905 2732 ipsos
1927 2641 1966 2714 in

671 2725 875 2805 sacrificium
888 2729 923 2801 ὃ(
938 2727 1192 2818 holocaustum,
1205 2730 1272 2824 jam
1285 2726 1367 2798 nihil
1381 2726 1481 2799 vobis
1496 2727 1696 2816 tribuentes,
1717 2731 1773 2802 sed
1785 2737 1883 2805 totos
1897 2759 1966 2809 vos

652 2822 814 2896 -Christo
826 2826 1042 2909 devoventes,
1067 2822 1180 2919 postea
1192 2845 1260 2893 non
1279 2843 1323 2894 ex
1338 2822 1468 2911 vestio,
1487 2823 1541 2893 sed
1553 2822 1644 2895 illius
1656 2821 1797 2896 arbitrio
1812 2825 1967 2902 viiluri.

569 2986 574 3004 ,
656 2915 804 2992 Offerre
816 2919 894 2991 item
908 2915 1115 2990 &sacrificia
1129 2917 1286 3003 laudum,
1299 2916 1527 3016 &gratiarum
1540 2915 1687 2989 essiones
1702 2942 1765 3013 pro
1776 2918 1966 2997 beneficiis

652 3011 740 3084 'suis
757 3014 790 3083 in
816 3034 893 3100 vos,
919 3011 1118 3107 praesertim,
1140 3011 1236 3103 quod
1254 3035 1318 3106 pro
1336 3011 1434 3083 vobis
1451 3011 1485 3082 in
1498 3034 1600 3083 cruce
1614 3032 1682 3082 tim
1699 3036 1848 3085 amaram
1863 3039 1966 3089 mor.

652 3124 739 3178 ¹tem
753 3104 885 3202 objetit.
935 3109 1020 3177 Non
1033 3106 1145 3178 minus
1155 3126 1267 3177 autem
1281 3106 1459 3203 diligenter
1467 3104 1649 3178 auscultate
1661 3105 1763 3178 verbu
1774 3109 1963 3185 testamen.

670 3198 697 3270 ti
710 3198 953 3298 gloriosissimi,
975 3199 1150 3272 innitentes
1166 3195 1353 3273 firmiffime
1363 3199 1638 3298 promissionibus
1652 3201 1806 3290 Christi,
1827 3207 1965 3281 vitam.

669 3293 784 3390 quein
798 3293 955 3383 Christo,
978 3293 1246 3367 &remissionem
1266 3317 1482 3390 peccatorum
1493 3295 1728 3393 assequuturos
1744 3319 1808 3368 vos
1824 3295 1893 3374 sub
1905 3303 1964 3375 in·

652 3385 860 3461 effabilibus
879 3389 915 3464 &
933 3390 1055 3462 divinis
1068 3391 1267 3488 pignoribus
1278 3390 1451 3465 confidite.
1499 3393 1617 3487 Atque
1627 3413 1720 3466 curae
1730 3389 1832 3463 vobis
1844 3393 1907 3481 fit,
1919 3419 1966 3473 ut

650 3481 724 3554 ·vel
745 3481 1242 3577 spiritualitercommunicetis,
1268 3487 1427 3579 quamvis
1438 3491 1552 3557 vellem
1563 3494 1660 3555 eiiam
1664 3490 1964 3589 fiicraemmiiſsgiu

667 3598 726 3648 'vos
738 3581 962 3674 frequentare,
987 3605 1059 3677 quo
1070 3580 1175 3675 magis
1188 3577 1383 3654 firmaretur
1399 3580 1508 3653 vestra
1521 3577 1621 3669 fides,
1643 3587 1683 3658 ci·
1695 3607 1783 3651 vose
1823 3588 1867 3650 iii
1885 3614 1962 3657 cor.

649 3681 796 3771 unirique
817 3675 934 3764 Christi
953 3681 1247 3769 immoramini,
1271 3699 1380 3749 unum
1396 3698 1476 3746 cum
1502 3673 1574 3770 ipso
1593 3673 1747 3768 spirirum
1810 3681 1959 3770 equuti.

655 3770 790 3863 ··Atque
801 3772 845 3842 ita
887 3767 983 3839 rocul
994 3766 1103 3838 dubio
1119 3764 1261 3840 feliciter
1273 3768 1374 3867 pisti,
1395 3766 1594 3863 securique,
1608 3793 1656 3841 ¹iic
1674 3770 1744 3842 laeti
1762 3770 1840 3842 hinc
1858 3775 1963 3849 abire

669 3864 837 3957 poteritis,
859 3795 1022 3949 &Quidem
1035 3867 1082 3938 ’ά
1100 3890 1155 3935 vos
1176 3871 1248 3934 viai
1265 3863 1384 3936 vestas
1405 3872 1474 3934 Deo
1497 3864 1681 3952 revelastis,
1705 3865 1743 3938 &
1764 3864 1834 3960 ipse
1851 3869 1961 3943 vobis

592 3959 595 3966 '
669 3957 802 4050 priscii
831 3979 920 4030 iuras
932 3956 1100 4050 loquutus
1114 3961 1162 4031 est
1180 3958 1283 4031 verba
1291 3961 1427 4053 pacifica
1441 3963 1482 4034 ei*
1501 3968 1623 4047 amica,
1645 3960 1845 4056 promittens
1859 3959 1960 4036 stim·

668 4067 740 4124 mas
755 3982 1040 4150 pollicitationes,
1061 4050 1286 4128 remissionem
1303 4054 1428 4129 seilicet
1441 4074 1663 4153 pecmtomiu
1684 4060 1849 4134 &oiim
1864 4083 1961 4129 ater·

665 4194 694 4204 --
1802 4192 1807 4198 ·
1858 4175 1960 4246 nam,
