4884 5042
1236 575 1345 674 (ra)

641 734 889 812 nuncupatur,
909 711 1006 812 quod
1025 714 1061 784 in
1079 734 1149 784 una
1166 710 1341 786 duntaxat
1360 711 1431 788 Dei
1448 710 1591 810 essentia
1610 708 1653 783 tit
1670 727 1776 807 atque
1793 712 1945 786 natura:

638 814 678 897 bt
694 833 736 885 ut
755 813 926 884 unitatem
946 811 1042 883 illam
1061 833 1133 881 non
1151 807 1365 905 solitariam,
1390 834 1464 885 nou
1484 809 1659 900 sterilem,
1685 807 1742 881 sed
1760 809 1945 884 uberrima
1974 881 1978 889 .

637 907 881 982 foecunditate
909 909 1094 1005 praeditam
1122 909 1346 1004 cogitemus,
1377 909 1457 981 ideo
1475 931 1576 979 mons
1596 907 1945 1003 pinguis-adjicitur.

640 1005 786 1103 Corpus
814 1030 899 1078 vero
927 1007 965 1076 in
991 1004 1145 1101 Virgine
1172 1003 1297 1077 Verbo
1311 1003 1500 1103 junfium,
1526 1025 1685 1075 montem
1709 1007 1945 1101 coagulatum

592 1121 746 1190 frocat
773 1124 883 1177 vates.
926 1103 1022 1175 Haec
1047 1103 1167 1199 itaque
1194 1104 1374 1198 tripartita
1398 1103 1461 1174 illa
1486 1103 1588 1174 vinea
1613 1098 1786 1198 estsuper
1804 1107 1947 1178 vertice
2037 1155 2041 1161 -

636 1202 818 1274 montium
839 1199 923 1290 fita,
948 1223 1054 1297 quam
1075 1199 1113 1271 &
1131 1197 1290 1271 suturam
1310 1200 1472 1271 cecinere
1489 1198 1653 1289 oracula,
1673 1198 1945 1292 &praesentem

638 1300 823 1395 evangelia
841 1298 1053 1368 indicavere.
1088 1297 1157 1367 Sed
1170 1296 1246 1390 jam
1265 1297 1417 1390 perierat
1434 1296 1535 1369 vinea
1546 1327 1558 1382 ς
1585 1317 1690 1385 nam,
1715 1315 1755 1366 ut
1774 1297 1871 1368 testis
1890 1299 1948 1372 est

637 1393 784 1487 David,
808 1396 904 1466 illam
925 1416 1044 1489 apere
1063 1390 1147 1464 filva
1164 1393 1400 1490 depopulatus
1417 1412 1505 1466 erat.
1535 1400 1644 1466 Arius
1662 1392 1816 1485 primum
1836 1418 1948 1467 mon-

636 1510 709 1565 tem
729 1493 879 1565 avellere
898 1509 1047 1563 conatus
1065 1489 1115 1563 est
1134 1491 1197 1586 qui
1215 1494 1389 1564 unitatem
1408 1489 1605 1588 discerpsit.
1635 1493 1798 1564 Sabelliur
1815 1489 1948 1565 secun·

635 1589 749 1682 dum,
785 1591 850 1688 qui
886 1587 1047 1686 personas
1084 1587 1262 1660 confudit.
1287 1591 1474 1678 ,Photinus
1501 1590 1672 1679 tertium,
1706 1591 1767 1683 qui
1797 1611 1947 1685 partum

634 1683 853 1784 Virgineum
874 1688 1013 1782 impura
1031 1689 1234 1759 temeritate
1250 1681 1490 1760 labefactavit.
1515 1687 1610 1759 Tres
1628 1686 1739 1757 veluti
1750 1685 1949 1783 impiiffimi

630 1787 823 1882 gigantes,
856 1785 918 1880 qui
942 1784 1070 1881 gloriae
1089 1782 1290 1894 cupiditate
1306 1783 1351 1857 de
1367 1806 1486 1858 rerum
1505 1806 1678 1855 novarum
1698 1781 1814 1855 studio
1832 1783 1949 1858 illecti

594 1897 599 1907 ‘
634 1903 777 1959 montes
803 1882 887 1953 loco
916 1905 1061 1966 movere
1087 1890 1158 1953 auh
1178 1881 1279 1974 funt,
1307 1901 1349 1953 ut
1371 1883 1464 1953 viam
1484 1878 1549 1950 fibi
1567 1878 1724 1950 facerent
1742 1881 1785 1951 ad
1805 1883 1949 1956 coelum

635 1977 919 2073 oppugnandum
947 1977 1299 2072 rescindendumque.
1344 1975 1395 2047 Et
1421 1994 1520 2047 erant
1540 1977 1616 2069 jam
1634 1975 1712 2043 voti
1732 1999 1952 2075 compotes,

631 2092 715 2158 nam
735 2097 817 2168 quae
833 2073 901 2169 ipsi
920 2072 1144 2166 philosophia
1161 2069 1436 2165 persuadebant,
1455 2068 1559 2138 armis
1576 2091 1617 2138 ea
1631 2067 1743 2160 recipi
1760 2076 1952 2171 principes

632 2165 867 2264 imperabant.
918 2166 1148 2257 Philosophia
1165 2189 1230 2234 nos
1247 2164 1465 2256 argumentis
1482 2161 1656 2258 urgebat,
1684 2185 1780 2236 arma
1798 2170 1951 2250 collatis

633 2259 744 2360 fignis
762 2260 1030 2359 oppugnabant.
1056 2260 1123 2332 Illa
1141 2257 1354 2356 praestigiis,
1373 2259 1453 2330 haec
1467 2259 1527 2352 vi,
1545 2257 1653 2338 fidem
1663 2281 1821 2335 evertere
1831 2286 1950 2340 eona-

632 2359 776 2446 bantur.
818 2360 885 2432 llla
913 2358 1089 2431 invertere
1105 2381 1186 2453 quae
1205 2356 1464 2450 credebantur,
1494 2358 1575 2430 haec
1592 2361 1732 2455 eosqui
1749 2361 1952 2442 credebant

631 2458 781 2556 perdere
798 2455 1031 2530 conabantur.
1071 2454 1138 2528 llla
1155 2457 1192 2527 in
1210 2457 1382 2552 pietatem
1401 2455 1439 2529 ὃ(
1456 2456 1609 2550 animas,
1635 2458 1715 2529 haec
1732 2458 1770 2530 in
1788 2483 1952 2558 corpora

632 2555 817 2654 tritamque
841 2553 1047 2627 saeviebant.
1089 2552 1193 2645 Quid
1211 2550 1345 2625 faceret
1362 2552 1485 2626 diviua
1498 2552 1621 2650 sponsa
1634 2557 1784 2652 jamJ'am
1804 2562 1949 2656 peritu-

630 2653 693 2728 ra?
719 2678 793 2753 quo
811 2652 844 2725 fe
863 2652 1042 2726 verteret?
1066 2676 1140 2748 qno
1158 2649 1399 2746 confugeret?
1416 2653 1523 2748 eujus
1538 2650 1672 2747 fidem,
1691 2658 1793 2753 cujus
1810 2682 1949 2757 opem,

633 2755 738 2851 eujus
763 2750 937 2826 auxilium
963 2747 1202 2849 imploraret?
1238 2746 1513 2824 exhorrescebat
1535 2752 1744 2850 tempestas,
1778 2758 1947 2833 navicula

630 2850 874 2951 mergebatur.
924 2851 1115 2948 Denique,
1141 2873 1186 2922 ne
1207 2847 1331 2921 multis
1349 2873 1490 2942 morer,
1514 2849 1611 2922 nulla
1627 2848 1825 2950 effugiendi
1844 2857 1948 2931 nulla

632 2951 807 3024 evadendi
833 2951 978 3022 inventa
1005 2953 1062 3020 via
1085 2946 1157 3039 est,
1192 2943 1259 3019 nifi
1280 2946 1438 3019 Nicaena
1457 2948 1644 3043 Synodus:
1673 2949 1736 3023 ubi
1756 2951 1971 3046 Sylvestro.

631 3045 677 3117 ad
704 3049 846 3119 clavum
874 3045 1029 3132 sedenti,
1056 3045 1094 3117 bt
1107 3046 1259 3138 jamjam
1277 3044 1503 3142 naufragium
1522 3044 1691 3140 facienti,
1716 3073 1737 3121 e
1754 3048 1853 3120 coelo
1872 3047 1946 3124 sese

513 3151 515 3155 ’
631 3138 819 3212 ostendens
844 3138 958 3210 Deus.
1000 3139 1097 3210 Mat.
1120 3161 1175 3233 14.
1199 3143 1346 3215 Modicae
1372 3144 1491 3242 inquit
1501 3145 1610 3239 fidei,
1635 3172 1737 3244 qnare
1753 3149 1945 3240 dubitasti?

630 3233 691 3337 ric
719 3232 984 3343 statimdivinis
1002 3233 1212 3312 fulminibus
1230 3239 1268 3314 ὃ(
1287 3238 1372 3312 fidei
1390 3262 1531 3316 montes
1548 3243 1727 3337 restituit,
1754 3246 1792 3319 &
1810 3247 1940 3341 gigan·

630 3346 710 3421 tum
729 3348 968 3407 temeritatem
985 3334 1151 3434 disjecit,
1169 3337 1234 3411 ubi
1251 3358 1375 3435 erepta
1394 3341 1513 3434 puella
1528 3343 1777 3437 experimento
1787 3341 1941 3435 didicit,

629 3429 926 3530 cum-quidquam
946 3431 1012 3510 srbi
1029 3435 1163 3510 adversa
1177 3436 1515 3530 imminerevideat,
1534 3439 1672 3511 nullum
1684 3442 1831 3512 omnino
1843 3463 1940 3532 prae·

630 3521 761 3601 sidium
779 3529 823 3604 ad
840 3529 873 3605 se
890 3533 950 3608 vel
968 3533 1215 3609 vindicandam
1232 3530 1414 3608 efficacius
1433 3533 1582 3624 habere,
1600 3558 1707 3627 quam
1727 3534 1938 3627 Synodum‚

577 3643 585 3705 J
611 3685 613 3690 ,
656 3646 702 3699 ua
718 3625 791 3704 sola
808 3628 874 3723 fit,
893 3652 935 3704 ut
949 3633 1058 3705 nullae
1075 3653 1176 3726 aquae
1193 3630 1355 3702 ecclesrae
1373 3631 1556 3703 caritatem
1569 3630 1805 3724 extinguant,
1823 3645 1938 3722 utque

630 3645 773 3802 divinus
801 3728 957 3824 Spiritus
985 3729 1020 3798 in
1046 3727 1171 3798 nostris
1189 3727 1315 3801 animis
1332 3726 1531 3800 motionem
1548 3721 1704 3815 efficiat,
1730 3727 1791 3822 qui
1811 3724 1940 3803 unicus

629 3825 734 3899 velut
743 3846 912 3922 aquarum
923 3820 1060 3916 vidior,
1076 3822 1400 3921 tempestatumque
1416 3842 1565 3917 potens,
1583 3818 1670 3892 teste
1682 3821 1806 3915 Mose,
1825 3821 1940 3900 fertur

630 3920 735 4020 super
751 3944 868 4019 aquas.
891 3920 970 4013 Jam
990 3945 1076 3994 vero
1094 3923 1191 4017 quod
1210 3921 1255 3993 de
1272 3921 1343 3994 fide
1361 3920 1462 4011 dixi,
1481 3919 1937 4016 quaeutiquenullaessetsr

632 4019 769 4116 Synodi
782 4017 960 4092 institutio
971 4043 1043 4091 non
1053 4017 1193 4110 fuisset,
1213 4018 1306 4088 idem
1320 4017 1430 4089 ferme
1440 4017 1484 4089 de
1494 4021 1775 4112 Temperantia,
1793 4023 1940 4115 Justitia

631 4115 840 4217 Sapientia,
864 4118 1062 4216 ceterisque
1088 4115 1283 4192 virtutibus
1308 4113 1641 4192 existimarivelim
1666 4119 1824 4198 ‘Omnes
1841 4122 1936 4289 ppipa

1870 4240 1888 4288 e
1905 4244 1937 4288 a·
