4884 5042
1127 550 1144 639 l
1161 550 1264 649 130··)

560 710 635 810 eJus
646 720 885 807 argumentum
898 696 942 771 ita
952 695 1052 770 nobis
1063 692 1359 769 SLElDANUS
1373 690 1395 766 l.
1406 717 1436 767 c.
1446 690 1613 770 delineat:
1635 679 1866 797 „'Primnni,

563 858 587 894 „
608 800 763 875 adductis
780 798 909 893 aliquot
921 789 1096 890 scripturae
1113 790 1215 878 locis,
1240 789 1279 862 &
1296 790 1338 863 ad
1357 790 1456 861 suum
1476 790 1709 888 propositum
1728 820 1863 872 aoeom·

563 951 588 989 „
608 895 767 983 mo'datis,
788 894 863 966 Leo
880 889 1050 986 pontifex,
1071 885 1270 973 Christum,
1286 884 1406 957 deinde
1424 886 1588 975 Petrum,
1616 888 1798 981 Paulum,
1812 917 1862 968 re.

564 1045 588 1081 „
607 989 761 1085 liquosq;
781 986 880 1058 divos
896 983 1097 1079 implorans,
1120 999 1158 1052 ut
1169 978 1366 1077 impendens
1381 978 1529 1051 ecclefiae
1541 979 1757 1075 periculum
1769 1010 1862 1061 aver.

561 1139 587 1177 „
609 1103 695 1171 taut,
715 1078 905 1183 gravissime
920 1076 1096 1173 queritur,
1117 1097 1210 1147 nunc
1226 1074 1365 1146 demum
1381 1073 1506 1145 exoriri
1521 1073 1757 1169 doctrinam,
1784 1103 1861 1178 quae
1915 1137 1918 1172 ἰ

566 1234 590 1271 ,,
609 1179 833 1251 &damnatas
850 1175 919 1271 jam
942 1171 1027 1243 olim
1048 1166 1186 1242 haertses
1208 1191 1249 1240 ac
1271 1192 1381 1241 novos
1396 1189 1494 1241 etiam
1511 1191 1650 1242 errores
1670 1173 1713 1245 &
1734 1198 1860 1251 meram
1914 1203 1917 1212 ·

565 1328 588 1364 „
611 1290 779 1344 contineat
798 1268 1025 1362 impietatem:
1053 1265 1120 1336 hoc
1135 1288 1179 1336 eo
1196 1260 1257 1334 sibi
1272 1262 1388 1335 dolere
1404 1264 1668 1353 vehementius,
1703 1272 1807 1364 quod
1825 1296 1860 1345 ca
1910 1219 1918 1360 i

567 1421 591 1457 „
611 1367 712 1460 pestis
729 1383 842 1435 ortum
860 1359 978 1432 lubeat
995 1363 1029 1431 in
1047 1357 1249 1443 Germania,
1271 1380 1352 1453 quae
1368 1380 1436 1428 non
1450 1355 1560 1429 solum
1573 1381 1711 1468 magna
1732 1363 1860 1463 semper
1909 1365 1915 1464 ξ

565 1515 590 1552 ,,
608 1457 818 1531 observantia
829 1452 929 1527 fuerit
940 1454 975 1526 in
985 1451 1154 1527 occlefiam
1162 1452 1504 1525 Romanam:vetum
1517 1476 1583 1549 pro
1595 1451 1709 1551 hujus
1717 1481 1860 1559 quoque
1908 1469 1915 1610 p

566 1609 590 1649 „
610 1552 770 1652 dignitate
781 1553 884 1623 vitam
896 1547 1076 1646 aliquando
1088 1547 1299 1644 profuderit,
1317 1547 1354 1620 ὅ(
1366 1550 1540 1619 acerrimas
1550 1544 1752 1645 susceperit
1764 1555 1859 1627 dimi·
1908 1617 1912 1638 ἱ

567 1705 592 1746 „
612 1648 775 1720 cationes:
800 1651 833 1716 in
852 1644 976 1716 recenti
991 1643 1104 1716 adhuc
1114 1641 1179 1714 elle
1192 1639 1516 1739 memoria,quantis
1526 1640 1653 1714 animis
1667 1645 1712 1718 &
1727 1671 1803 1743 quo
1812 1676 1860 1723 ῃ.
1907 1653 1912 1706 t

566 1801 592 1843 „
612 1742 695 1814 dore
713 1740 882 1813 Bolremos
905 1735 1188 1843 oppugnarint&
1210 1732 1386 1807 Huffitas:
1413 1759 1522 1832 nuper
1537 1734 1646 1808 etiam
1665 1744 1857 1818 academias
1906 1725 1912 1828 i

569 1895 592 1932 ‚,
613 1836 744 1933 aliquot
765 1833 912 1933 pristinae
935 1834 1069 1905 virtutis
1080 1852 1183 1928 atque
1207 1829 1340 1902 roboris
1350 1830 1559 1996 praeclarum
1576 1830 1733 1908 edidisse
1753 1838 1857 1914 docu-
1906 1851 1911 1910 t

570 1987 592 2026 ‚,
613 1950 785 2003 mentum:
839 1930 891 1999 uia
909 1953 991 2001 vero
1009 1928 1069 1998 stbr
1088 1925 1226 2022 suaeque
1240 1947 1333 1996 curae
1376 1923 1571 1997 tachristo
1583 1924 1857 2009 demandatam
1907 1933 1910 1940 ’

569 2081 592 2119 „
614 2022 680 2095 tius
691 2023 827 2096 orbisC
854 2020 976 2093 ristiani
987 2020 1196 2110 multitudo,
1211 2042 1281 2090 non
1293 2021 1324 2091 se
1336 2018 1427 2116 posse
1437 2019 1567 2091 diutius
1578 2020 1624 2091 ad
1638 2042 1780 2100 tantam
1794 2054 1857 2103 rem

571 2174 595 2214 „
614 2117 819 2190 connivere:
852 2117 928 2219 post
945 2170 957 2203 ,
974 2114 1119 2187 recitatis
1147 2111 1294 2187 Lutheri
1309 2113 1499 2214 dogmatis,
1522 2114 1703 2190 adversari
1721 2146 1764 2193 ea
1782 2124 1858 2197 dicit

552 2246 554 2250 ·
570 2266 594 2309 „
615 2210 765 2281 charitati
777 2208 995 2298 Christianae,
1010 2228 1043 2281 et
1051 2207 1263 2297 reverentie,
1273 2232 1376 2315 quam
1388 2232 1504 2280 omnes
1515 2209 1671 2283 ecclestae
1683 2215 1858 2292 Romana:

570 2361 594 2403 „
614 2302 778 2378 debeant:
806 2303 918 2401 itaque
928 2303 1224 2405 congregationem
1234 2301 1345 2377 secisse
1355 2302 1570 2377 cardinalium
1583 2302 1731 2381 senatus
1748 2312 1789 2386 ὅτ
1805 2313 1857 2387 ali.

552 2423 594 2494 ·„
614 2423 733 2490 orum,
757 2398 965 2498 quiquidem
976 2423 996 2470 a
1007 2397 1359 2504 multudisceptatione
1370 2398 1647 2506 pronunciarint,
1661 2426 1705 2474 ea
1720 2409 1857 2482 minime

568 2552 593 2593 „
614 2494 717 2590 recipi
727 2517 902 2593 oportere,
930 2491 1285 2591 quod&concili1s&
1298 2491 1661 2593 patribus&ecclcsrae
1676 2495 1856 2578 fidemdo·

570 2645 593 2687 „
615 2611 754 2688 rogent:
782 2590 824 2664 de
845 2590 983 2662 illorum
1003 2613 1086 2689 ergo
1106 2586 1268 2661 consensu
1289 2613 1329 2661 ac
1351 2587 1527 2660 voluntate
1543 2587 1755 2668 dostrinam
1777 2598 1857 2672 lunc

569 2740 596 2782 ‚,
616 2708 752 2756 omnem
765 2685 958 2773 damnat,&
973 2707 1102 2780 proca,
1115 2706 1218 2780 quam
1231 2681 1351 2756 habere
1362 2681 1393 2754 se
1404 2682 1503 2771 dicit,
1517 2683 1707 2779 potestate,
1723 2696 1857 2768 mandat

571 2825 597 2878 „-
616 2779 794 2868 omnibus,
813 2801 850 2853 ut
861 2803 932 2852 eam
947 2778 1141 2878 defugiant,
1163 2776 1260 2879 gravi
1277 2777 1458 2850 constituta
1474 2802 1575 2874 poena
1590 2778 1775 2878 singulis,
1800 2814 1857 2887 pru

571 2932 596 2969 „
616 2878 673 2945 sua
687 2874 813 2983 cuique
829 2876 990 2973 dignitate
1005 2875 1042 2946 ὅ(
1059 2872 1178 2945 ordine
1194 2895 1234 2945 ac
1252 2871 1488 2973 yitreflgenerc:
1515 2874 1653 2947 mandat
1666 2878 1782 2954 etiam
1795 2908 1857 2957 ma.

571 3027 594 3063 ‚‚
615 2969 784 3064 gistrarur,
805 2969 986 3064 prasertim
998 2969 1189 3062 Germano,
1203 2966 1331 3063 nequid
1347 2969 1420 3065 ejus
1435 2966 1600 3041 doctrinae
1618 2977 1857 3070 comprobent

571 3119 595 3156 ‚,
615 3084 671 3133 aut
689 3063 886 3136 defendant:
910 3061 1015 3134 libros
1035 3086 1177 3160 quoque
1196 3057 1363 3149 Lutlreti,
1387 3062 1513 3159 quibus
1529 3062 1589 3133 ista
1606 3069 1857 3163 continentur,

572 3213 595 3249 ‚,
615 3154 710 3246 jubet
728 3156 878 3228 exhiberi
896 3178 999 3253 atque
1016 3155 1173 3247 incendi,
1196 3176 1441 3231 commemorat
1458 3155 1598 3245 deinde,
1618 3182 1734 3255 quam
1755 3168 1858 3267 egerit

572 3307 595 3345 „
615 3269 762 3320 amanter
771 3270 873 3347 atque
884 3271 1033 3347 paterne,
1059 3273 1097 3325 ut
1109 3252 1206 3325 illum
1218 3251 1258 3324 ad
1272 3250 1439 3325 sanitatem
1452 3272 1643 3339 revocaret,
1670 3263 1858 3352 quomodo

557 3370 594 3437 ‘‚,
617 3364 676 3435 per
691 3343 817 3442 legatos
827 3369 905 3415 eum
918 3344 956 3418 lit
967 3346 1178 3438 adhortatus,
1198 3371 1272 3445 quo
1284 3346 1388 3420 modo
1404 3348 1553 3419 Romam
1565 3352 1747 3445 evocarit,
1770 3380 1859 3452 quo-

571 3498 593 3532 „
617 3438 721 3509 modo
735 3440 778 3512 de
796 3439 1005 3536 prosedlione
1021 3440 1163 3530 caverit,
1184 3442 1220 3513 &
1240 3442 1399 3514 viaticum
1416 3440 1622 3538 promiserit:
1654 3443 1861 3526 illumvero

570 3590 594 3628 „
614 3555 807 3630 contempta
826 3536 999 3621 citatione,
1018 3537 1059 3609 ad
1071 3534 1257 3608 concilium
1275 3533 1296 3607 al
1312 3532 1344 3608 se
1364 3534 1575 3631 provocasse,
1594 3557 1724 3614 contra
1745 3543 1804 3618 Pii
1824 3548 1860 3624 δι

570 3685 594 3725 ,,
612 3626 696 3720 Julii
711 3629 961 3719 ll.decretum,
987 3654 1060 3726 quo
1070 3630 1109 3702 fit
1123 3651 1281 3721 cautum,
1301 3632 1412 3727 utqui
1425 3630 1470 3703 fic
1480 3651 1688 3728 provocant,
1713 3660 1861 3736 pamm

571 3782 595 3820 ‚‚
614 3721 751 3797 subeunt
768 3723 931 3795 haereticis
951 3724 1190 3798 constitutam:
1215 3723 1362 3821 ideoque
1378 3723 1440 3801 fibi
1457 3747 1539 3800 tunc
1555 3725 1623 3797 inte
1699 3753 1742 3803 m
1763 3734 1862 3811 fuist

570 3876 606 3912 „⁴
640 3818 775 3905 uidem,
801 3818 959 3891 adversus
976 3819 1072 3892 illum
1089 3844 1187 3918 agere
1211 3843 1273 3916 pro
1289 3818 1393 3917 ipsius
1409 3821 1552 3909 merito,
1578 3821 1600 3891 s
1653 3844 1780 3903 tamen

569 3970 591 4005 „
614 3842 671 3988 sua
691 3914 942 3987 mansuetudine
959 3914 1094 4016 longius
1138 3914 1286 3989 uoddam
1310 3937 1446 4011 tempus
1460 3937 1562 4014 atque
1579 3938 1720 3993 motam
1744 3925 1754 3939 “

569 4061 593 4101 ,,
614 4010 707 4104 sisse,
737 4008 890 4103 fisorte,
915 4028 1075 4118 tanquam
1103 3939 1197 4085 tilius
1217 4002 1410 4110 prodigus,
1430 4008 1617 4087 calamitate
1642 4008 1710 4090 stra
1733 4017 1868 4196 Ἢ
