4884 5042
1143 561 1278 656 (149)
1430 670 1433 675 ,
1627 649 1632 658 .

575 723 655 812 quae
667 712 765 785 latine
783 708 943 782 haetenus
959 704 1154 803 intemplo,
1176 726 1310 801 parrum
1335 699 1496 775 consensu
1515 703 1599 777 ledia
1614 703 1705 797 sunt,
1731 706 1856 781 horum
1968 713 1971 717 '

567 829 616 882 tu
635 807 790 905 quoedam
814 803 977 876 dicebaris
995 799 1198 873 alemannica
1229 800 1345 897 lingua
1363 798 1491 896 legere:
1517 801 1675 892 quaedam
1703 802 1860 876 omittere

576 902 894 998 pror·sus,tanquam
907 895 988 967 nihil
1002 896 1043 967 ad
1057 918 1126 966 rem
1140 891 1309 966 facientia:
1334 914 1372 965 ut
1386 894 1546 986 temporis
1555 892 1688 989 jaeiura
1701 895 1761 967 tibi
1774 896 1859 968 sem·

575 1020 635 1092 per
648 993 716 1066 visa
737 993 787 1065 est
815 987 1096 1089 periculosrffrma.
1146 985 1359 1083 Epistolam,
1385 984 1683 1083 Euangeliumque
1704 990 1860 1064 dicebant

574 1111 608 1161 te
622 1088 805 1184 vulgariter
823 1106 952 1157 tantum
976 1081 1135 1178 proferre.
1183 1081 1377 1166 Canonem,
1403 1100 1506 1176 quem
1523 1103 1664 1169 vocant,
1688 1082 1860 1174 Miffae‚a

531 1206 535 1214 ·
575 1202 609 1256 te
627 1208 694 1255 non
706 1179 831 1266 audiri,
855 1201 912 1248 aut
927 1199 1016 1249 certe
1059 1201 1135 1248 uam
1148 1173 1348 1247 brevissimis
1367 1172 1478 1245 verbis
1515 1172 1684 1272 rssringi.
1733 1178 1861 1251 Ptaete·

576 1299 632 1348 rea
643 1274 840 1349 ceremoniis
853 1270 958 1359 hisce,
979 1202 1104 1365 quibus
1122 1269 1309 1341 libenter&
1323 1291 1403 1339 cum
1425 1265 1481 1338 fru
1521 1290 1544 1337 u
1563 1265 1767 1364 inutraque,
1793 1271 1861 1344 hoc

576 1371 647 1456 est,
673 1370 832 1440 vivorum
850 1367 887 1438 ὅ(
905 1384 1121 1435 mortuorum
1144 1363 1306 1435 memoria
1328 1381 1472 1444 utuntur
1496 1360 1659 1455 quidam,
1684 1380 1717 1434 te
1733 1387 1861 1459 nequa·

543 1517 546 1522 -
577 1488 680 1560 quam
694 1463 755 1535 uti.
806 1460 1017 1555 Hujusmodi
1030 1458 1102 1530 sane
1112 1482 1181 1529 non
1195 1457 1400 1530 mediocrem
1418 1455 1520 1528 alicui
1532 1453 1665 1552 injicere
1679 1457 1806 1550 possent
1818 1459 1861 1532 de

576 1577 610 1629 te
638 1555 914 1642 admirationem,
936 1552 1090 1659 quisnam
1118 1572 1150 1624 tc
1168 1551 1302 1648 spiritus
1321 1549 1389 1621 huc
1411 1550 1471 1622 ade
1495 1551 1570 1620 erit.
1625 1549 1723 1622 Adeo
1746 1553 1861 1650 magni

579 1652 735 1743 quidam,
760 1650 924 1743 haecquae
942 1647 1051 1718 lcribo
1068 1646 1103 1717 ὃ(
1122 1669 1202 1741 quae
1216 1667 1285 1715 non
1303 1642 1437 1732 scribo,
1456 1669 1476 1715 a
1502 1642 1693 1718 everabant.
1742 1643 1863 1737 Qtare

577 1767 639 1838 per
651 1745 831 1815 Christum
847 1762 880 1812 te
897 1767 977 1828 oro,
999 1739 1055 1811 cui
1074 1759 1132 1810 tua
1150 1738 1274 1825 studia,
1289 1761 1422 1826 mores,
1444 1739 1481 1811 &
1493 1758 1563 1808 tota
1579 1736 1648 1809 vita
1660 1739 1789 1835 semper
1805 1739 1862 1812 su·

578 1836 677 1925 dant,
698 1858 736 1910 ut
753 1835 1019 1931 quamprimum
1038 1856 1092 1904 me
1109 1856 1168 1928 per
1186 1831 1360 1929 epistolam
1380 1833 1555 1905 certiorem
1575 1832 1708 1923 reddas,
1729 1840 1772 1906 de
1787 1853 1862 1906 toto

576 1931 742 2031 negocio,
768 1929 988 2025 &quidnam
1010 1926 1170 2014 mutaris,
1198 1925 1284 2022 quid
1307 1925 1468 1999 omiseris.
1516 1927 1604 1998 Sunt
1630 1926 1742 2015 enim,
1769 1927 1862 2020 apud

577 2047 665 2119 quos
688 2025 856 2111 retulerit,
876 2043 965 2094 certa
979 2023 1015 2094 &
1029 2044 1106 2091 vera
1123 2020 1214 2112 poffe
1235 2018 1443 2117 respondere.
1492 2019 1539 2092 Et
1550 2021 1627 2093 sunt
1647 2021 1777 2110 rursus,
1800 2019 1863 2116 qui

605 2119 713 2191 uidvis
729 2118 829 2191 etiam
842 2139 1020 2212 utcunque
1041 2114 1154 2209 pium,
1176 2138 1296 2210 parum
1314 2113 1369 2210 pie
1386 2114 1656 2210 interpretantur.
1705 2115 1786 2188 Scio
1803 2137 1863 2211 pe·

577 2140 656 2286 {tus
673 2237 772 2286 tuum
792 2235 859 2286 tam
878 2235 956 2283 vere
975 2209 1224 2299 Christianum,
1249 2229 1287 2282 ut
1302 2205 1481 2280 abhorreat
1497 2207 1518 2280 ai
1537 2207 1686 2284 seditiosa
1697 2209 1863 2301 novitate,

579 2309 615 2380 ὃ(
634 2307 677 2378 ab
695 2307 842 2400 hisquae
864 2305 941 2378 sunt
955 2308 1037 2377 eitra
1055 2303 1191 2377 salutem
1206 2305 1411 2391 animarum,
1435 2301 1540 2377 finem
1554 2302 1635 2376 fidei
1651 2305 1798 2393 nostrae‚
1822 2323 1862 2377 ut

578 2399 766 2492 Apostolus
788 2400 909 2469 Petrus
924 2397 1062 2493 inquit:
1096 2397 1262 2469 Pacificos
1278 2396 1343 2471 esse
1363 2417 1515 2491 oportet,
1540 2417 1578 2469 ut
1597 2395 1660 2468 filii
1678 2397 1745 2470 Dei
1761 2421 1864 2470 voce·

576 2515 669 2562 mur.
718 2489 796 2561 Scio
809 2513 968 2585 quoque,
979 2491 1072 2584 quod
1089 2509 1128 2559 tu
1145 2491 1318 2583 Majorum
1330 2488 1488 2578 decretis,
1502 2487 1697 2584 aequiffimis
1710 2491 1863 2588 inquam,

577 2585 678 2658 nullo
693 2606 762 2654 non
781 2601 933 2677 tempore
949 2579 1212 2676 obtemperasti:
1242 2605 1284 2652 ne
1309 2605 1353 2653 ue
1378 2606 1495 2672 nune,
1518 2581 1686 2675 arbitror,
1713 2585 1805 2659 aliud
1826 2588 1862 2658 in
1901 2648 1903 2652 ,

580 2699 727 2752 mentem
746 2677 806 2750 tibi
830 2677 928 2748 venit.
979 2674 1113 2747 Vellem
1131 2676 1168 2747 ὃ(
1184 2675 1294 2772 ogoC
1323 2673 1391 2746 ristr
1405 2676 1593 2749 dobirinam
1607 2674 1860 2751 saluberrimam

580 2797 650 2846 non
664 2773 767 2843 modo
779 2771 812 2841 in
827 2770 988 2857 urbibus,
1011 2768 1112 2846 scd&
1125 2771 1158 2840 in
1171 2768 1303 2857 castris,
1327 2792 1431 2865 pure,
1449 2770 1670 2865 clare‚atque
1682 2774 1863 2844 concordia

580 2891 702 2972 magua
718 2865 843 2938 doceri.
891 2864 992 2936 Faxit
1012 2868 1105 2950 (oro)
1126 2863 1284 2937 Christus
1302 2859 1390 2935 utin
1409 2860 1502 2934 suam
1544 2863 1661 2934 lorum
1673 2865 1864 2973 dirigantur

578 2985 704 3034 omma.
752 2959 843 3034 Bene
854 2957 957 3049 Vale,
981 2957 1187 3058 Moguntiae.
1236 2959 1290 3032 M.
1339 2955 1387 3031 D.
1412 2957 1489 3031 XX
1528 2955 1764 3057 .Kal.Junu.
1837 3023 1839 3028 ,

574 3210 577 3217 .
695 3149 764 3248 Jo.
788 3117 1239 3228 oucotaurnorus
1263 3147 1481 3225 casuum
1504 3145 1738 3222 uumout

878 3252 1090 3316 Contionarori
1110 3253 1309 3345 Mogentino.
1433 3243 1469 3317 S.
1519 3242 1568 3315 D.

629 3433 826 3533 Equidem,
848 3432 896 3506 mi
923 3434 1060 3523 Hedio,
1091 3459 1169 3507 eum
1189 3458 1241 3508 res
1257 3436 1313 3534 pie
1331 3433 1368 3507 &
1383 3431 1553 3538 inculpate
1568 3432 1700 3533 gestas,
1736 3435 1863 3532 quaein

572 3531 727 3632 -gloriam
751 3529 840 3617 Dei,
860 3529 1279 3698 utilitatemtgtctenmximi
1296 3529 1445 3616 cedunt,
1467 3528 1584 3601 timide
1607 3552 1646 3601 ac
1672 3533 1864 3604 verecunde

579 3626 703 3715 celare,
770 3623 863 3700 rinde
875 3622 1034 3697 vitiosum
1095 3624 1419 3712 indecensarbitror,
1441 3646 1543 3719 atque
1556 3623 1767 3698 tumentibus
1777 3625 1863 3698 but·

580 3721 629 3791 cis
646 3744 718 3816 prae
744 3725 839 3791 icare.
859 3743 862 3749 ·
889 3720 983 3791 Nam
1000 3739 1041 3791 ut
1054 3717 1243 3817 arrogantia
1254 3717 1365 3809 ,boni
1381 3718 1531 3813 exempli
1547 3740 1734 3815 proventus
1756 3719 1859 3815 perit:

572 3811 629 3885 ¹ita
645 3813 810 3909 exemplis
832 3812 930 3885 bonis
954 3815 1134 3913 ignoratis,
1172 3815 1212 3886 ad
1236 3812 1488 3886 aemulationem
1510 3813 1624 3888 nulius
1645 3832 1863 3910 provocatur.
1899 3864 1902 3870 -

581 3903 757 3981 Tenebras
774 3928 886 3982 ament
905 3907 968 3980 filii
985 3907 1216 3996 tenebrarum,
1239 3908 1351 3979 lucem
1370 3904 1433 3977 filii
1450 3906 1559 3981 tucis:
1585 3909 1727 4007 Regum
1745 3929 1863 3980 arcana

570 3999 823 4095 ‹celentur,nei
833 3999 943 4103 gloria
953 3999 1635 4173 praedieetur.TVideantur.,aitChristus,
1645 4001 1752 4076 vestra
1751 4024 1865 4170 &plenta

1225 4118 1247 4202 3
1849 4152 1864 4192 2
