4884 5042
829 540 1480 655 nuNovnrt
1740 587 1809 662 m

501 704 539 778 id
551 708 621 797 sine
644 706 752 797 caufh.
800 711 887 774 Erat
903 728 1041 796 namque
1057 699 1135 772 huic
1151 724 1308 795 tanquam
1324 699 1439 773 heredi
1453 702 1626 773 relidiurus
1642 704 1806 793 universa·

443 889 444 892 Ἴ
503 829 578 876 runt
597 801 746 872 bonarum
766 802 1027 874 haereditatem.
1455 831 1459 839 ·

502 915 504 918 ‘
549 899 737 974 Caeterdm
758 898 983 990 Mosellam,
1010 896 1108 996 quod
1127 898 1236 970 iidem
1256 894 1397 996 prorsus
1416 893 1547 969 fuerint
1564 895 1675 969 sensus
1695 897 1732 967 in
1748 920 1805 968 re·

501 999 567 1072 bus
583 999 713 1072 divinis
730 1015 838 1094 atque
856 995 1026 1089 Erasmo,
1052 1015 1093 1067 ut
1111 995 1214 1066 illum
1233 997 1340 1093 hujus
1358 990 1425 1066 esse
1440 993 1655 1066 imitatorem
1673 996 1710 1067 δε
1729 1019 1807 1090 pae·

502 1121 547 1168 ne
573 1097 723 1169 alterum
752 1095 848 1167 hunc
877 1094 982 1199 facile
998 1091 1227 1193 agnosceres,
1260 1091 1355 1165 reste
1372 1088 1465 1162 idem
1483 1110 1630 1163 annotat
1646 1091 1806 1164 PFLU·

503 1194 668 1280 G1U83'
695 1192 793 1284 Quae
818 1194 856 1265 ὃς
872 1194 963 1262 rntio
979 1191 1069 1283 fuit,
1102 1189 1201 1289 quod
1220 1191 1386 1290 equidem
1406 1186 1723 1262 Reformatoribus
1738 1212 1804 1260 vo·
1928 1212 1935 1223 ·

503 1311 541 1364 ta
563 1289 622 1361 sua
644 1287 749 1387 plen&
775 1313 849 1361 non
874 1290 1069 1379 addixerit,
1103 1313 1306 1387 quanquam
1333 1285 1400 1384 ipfi
1420 1283 1690 1358 Reformationi
1707 1283 1806 1356 fave·

503 1405 739 1558 iiir’ssiiqui
771 1388 878 1551 etii1¹11
905 1381 1809 1557 cdiiriiiiiieiLANCiiTiriidir’niidbai‘)

504 1582 604 1690 inque
630 1538 701 1676 ipsi
721 1487 911 1677 srJnogitliiii
928 1579 1164 1689 intercederet
1186 1488 1440 1672 nge’ffiglijcgj
1461 1602 1566 1676 quam
1592 1597 1712 1648 tamen
1730 1504 1810 1647 iiid·
1854 1542 1859 1549 ¹

505 1701 591 1788 pina
615 1700 711 1752 mors
734 1678 780 1747 A.
804 1697 907 1773 1524·
936 1701 973 1749 rn
998 1675 1073 1774 ipso
1092 1680 1206 1751 aetatis
1227 1679 1318 1750 flore
1335 1701 1418 1751 cum
1434 1699 1566 1748 annum
1587 1671 1810 1747 tricefimum
1915 1740 1916 1745 ,

503 1798 663 1871 primum
684 1773 746 1845 vix
764 1771 918 1872 egreffus
933 1773 1040 1867 ellat,
1072 1774 1350 1850 interturbavit:
1372 1775 1575 1847 'Enimvero
1595 1767 1811 1846 LUTHE·
1936 1785 1940 1791 '

502 1871 614 1944 RUS
642 1870 690 1964 (a)
710 1871 838 1943 dehac
856 1869 928 1969 ipsa
945 1871 1136 1945 Mosellani
1155 1874 1199 1946 ad
1218 1873 1406 1959 Erasmum
1424 1867 1663 1973 propenlione
1682 1870 1719 1940 in
1731 1869 1810 1965 ¹Ep.

502 1970 550 2042 A.
581 1990 694 2065 1522.
716 1967 761 2040 ad
787 1966 893 2065 Casp.
918 1970 1120 2042 Bornerum
1148 1971 1230 2045 data
1256 1971 1433 2045 testatur:
1466 1965 1636 2041 Salutabis
1660 1970 1814 2062 Mosella·

500 2093 602 2140 num.-
633 2088 735 2161 neque
756 2061 828 2136 idei
852 2069 979 2138 alienus
991 2070 1070 2162 sum
1096 2065 1138 2138 ab
1162 2095 1216 2152 eo,
1247 2067 1335 2165 quad
1358 2071 1492 2166 Erasini
1507 2072 1612 2164 magis
1624 2092 1726 2164 quarn
1739 2090 1814 2136 meu

495 2169 657 2265 sidietur,
680 2161 782 2235 immi
798 2162 897 2235 dicito
911 2169 962 2252 ei,
984 2185 1023 2235 ut
1030 2166 1220 2260 fortiterſst
1238 2167 1474 2260 Erasmianuse
1498 2171 1712 2264 erittempus,
1737 2179 1833 2234 cum·

501 2269 601 2338 aliter
618 2266 756 2356 sentiet,
788 2267 920 2335 interim
946 2261 992 2354 est
1005 2266 1165 2357 ferendus
1179 2270 1309 2364 Optimi
1323 2270 1428 2337 animi
1437 2266 1546 2359 sensus
1560 2267 1695 2359 inferior
1702 2295 1719 2346 ,·
1752 2264 1815 2334 In·

502 2381 599 2433 terea
624 2362 778 2432 eundem
804 2385 880 2454 prae
905 2365 1033 2433 ceteris
1056 2364 1093 2435 id
1114 2388 1261 2459 operam
1278 2362 1410 2436 dediffe
1429 2364 1593 2456 constat,
1627 2385 1669 2436 ut
1691 2357 1814 2458 publi·

502 2480 548 2526 ce
565 2458 686 2526 Sacras
703 2476 848 2558 quoque
865 2456 982 2524 literas
999 2456 1102 2529 Novi
1119 2459 1347 2531 instrumenti
1365 2461 1681 2554 interpretaretur,
1707 2481 1814 2555 quam

504 2549 555 2623 ob
577 2571 652 2621 rem
678 2544 813 2645 ipsein
839 2546 1007 2643 fingulari
1032 2551 1076 2619 ad
1101 2555 1264 2647 amicum
1286 2554 1365 2623 data
1392 2555 1557 2648 Epistola
1583 2561 1633 2650 (b)
1660 2556 1759 2629 hunc
1777 2555 1815 2626 in

504 2647 655 2721 modum
684 2643 729 2716 de
754 2639 788 2712 se
813 2639 889 2738 ipso
914 2639 1058 2733 scribit,
1090 2651 1270 2716 Novarum
1299 2672 1430 2724 rerum,
1463 2646 1517 2714 hic
1541 2653 1624 2719 nihii
1640 2653 1815 2733 habemus,

504 2772 607 2840 neque
631 2749 731 2814 etium
753 2765 875 2812 novum
890 2738 934 2829 est
951 2734 1092 2824 bellum,
1127 2740 1212 2835 quad
1227 2739 1349 2831 infestis
1364 2748 1530 2834 utrimque
1546 2750 1648 2814 armis
1664 2773 1739 2816 cum
1757 2750 1817 2820 So·

498 2841 614 2943 phistis
638 2845 798 2940 gerimus.
855 2839 1141 2931 Circumspicimus
1170 2839 1226 2911 hic
1250 2844 1372 2921 vium,
1399 2860 1580 2933 perquam
1605 2839 1813 2912 Fabricium

505 2943 725 3040 Capitonem
741 2935 806 3005 huc
824 2961 981 3031 queamus
997 2934 1170 3008 adducere.
1221 2938 1307 3010 Tota
1317 2945 1479 3028 juventus
1495 2940 1529 3006 in
1548 2936 1730 3019 Sacrarum
1747 2937 1814 3007 Li·

504 3062 656 3114 ternrum
672 3034 789 3127 studia
808 3057 907 3131 prona
924 3038 1050 3130 fertur.
1097 3039 1204 3133 Ipsum
1224 3034 1304 3107 adei
1329 3061 1381 3106 me
1397 3053 1484 3105 certe
1497 3059 1555 3105 non
1570 3040 1724 3129 optimum
1737 3057 1817 3133 pra·

494 3161 658 3238 'ceptarem
681 3139 841 3205 Paulinus
866 3132 1024 3230 Epistulae
1046 3137 1309 3232 interpretantem
1326 3132 1468 3207 audiunt
1478 3136 1554 3232 plus
1572 3140 1679 3204 minus
1693 3156 1817 3206 trecen·

504 3245 544 3311 ti.
587 3232 673 3311 Vide
689 3253 812 3330 quanta
829 3258 942 3303 rerum
955 3233 1145 3326 viciffitudo.
1194 3239 1287 3307 Olim
1301 3231 1344 3302 he
1360 3238 1458 3305 litere
1473 3253 1513 3303 ut
1518 3238 1632 3327 jejune
1642 3232 1816 3330 sordebunt

504 3334 675 3415 omnibuis
698 3357 781 3404 nunc
797 3337 914 3402 ceteris
929 3333 1053 3421 rejeiiis
1069 3331 1111 3405 ha
1119 3335 1188 3429 sela
1199 3339 1338 3430 placent.

560 3435 611 3508 Et
637 3451 738 3507 extat
763 3427 954 3502 Mosellam
979 3429 1091 3502 nostri
1108 3432 1151 3504 ad
1169 3430 1388 3506 Bilibaldum
1408 3430 1740 3523 Pirckheimerum,
1770 3428 1816 3502 de

506 3532 691 3630 colloquio
717 3526 896 3628 Lipfiensr
924 3530 978 3623 (e)
1006 3530 1053 3601 A.
1084 3551 1191 3626 1519.
1227 3529 1353 3604 habito
1375 3526 1568 3624 Epistola,
1603 3525 1815 3628 elegantiffi·

1398 3653 1402 3658 .
1739 3647 1826 3716 ma}
1860 3654 1866 3659 .

495 3672 518 3776 '.
549 3726 598 3808 (a)
622 3719 1170 3806 vn.rp.1.urn.1..n.p.a7.

550 3813 585 3892 (b
622 3807 681 3890 Ep.
707 3804 915 3872 MOSELL.
937 3806 976 3870 ad
997 3806 1097 3873 Cone.
1127 3806 1312 3873 Matianum
1337 3801 1821 3872 ineo11ettmeisflecketianis

511 3909 558 3970 up.
574 3816 903 3958 dECKENDORF.
921 3887 960 3953 L.
982 3910 1006 3952 1.
1025 3907 1055 3968 p.
1072 3908 1124 3971 90.

553 3977 604 4055 (c)
632 3995 663 4039 v.
688 3970 926 4038 SCULTET.
959 3973 1077 4037 Annal.
1104 3973 1183 4037 Dec.
1201 3992 1225 4035 ι.
1255 3988 1287 4049 p-
1314 3984 1365 4051 37.
1390 3965 1717 4036 SECKENDORF.
1740 3965 1821 4032 th.

517 4053 614 4119 Loth.
640 4055 681 4120 L.
699 4076 721 4121 ι.
743 4057 802 4120 fol.
820 4073 872 4135 90,
887 4074 939 4137 91.
969 4055 1065 4120 Hanc
1078 4054 1151 4121 Cel.
1167 4050 1493 4122 HEUMANNUS
1508 4054 1615 4118 denuo
1629 4067 1703 4114 cum
1720 4050 1832 4114 edide·-

515 4140 556 4204 tir
578 4137 800 4203 accuntiffime
822 4136 994 4218 imprellarn
1020 4139 1151 4205 eaodem
1178 4137 1285 4203 itidem
1308 4135 1387 4205 iuter
1409 4137 1623 4205 Documenta.
1638 4131 1742 4200 Num.
1759 4150 1822 4200 mx.

517 4222 593 4290 huie
605 4220 694 4306 open
706 4218 869 4305 sunjunua
881 4220 1078 4291 referendum
1093 4222 1312 4304 judicavimus.
