4884 5042
545 562 712 661 mireo.
874 555 1628 636 RENOVATI.·
1775 567 1846 654 265

547 687 659 761 causae
678 681 913 783 Evangelicae
934 680 1126 754 admodum
1144 701 1219 766 erat
1235 680 1420 778 prolicua;
1454 683 1543 755 Erat
1559 682 1586 756 is
1603 703 1714 754 annus
1730 701 1804 777 quo
1822 677 1844 751 i

545 781 689 882 Vejove
715 782 894 854 Vaticano
918 781 1043 852 Leone
1057 779 1108 849 X.
1134 775 1270 850 fulmen
1287 777 1475 876 parabatur
1492 777 1842 854 excommunicatio·

542 882 596 952 nis
613 906 648 951 m
667 880 894 970 Lutherum,
920 898 1026 971 atque
1043 878 1119 970 ejus
1137 874 1272 967 socios,
1298 877 1401 972 cujus
1419 875 1470 945 rei
1488 875 1581 948 fama
1595 902 1677 949 cum
1697 897 1841 973 percre-

540 977 690 1069 buisset,
724 976 795 1073 ipse
821 972 1173 1064 ZWINGLlUS,
1205 997 1249 1045 ne
1279 972 1314 1044 id
1342 971 1466 1064 fieret,
1500 974 1598 1045 omni
1620 971 1697 1045 nisu
1712 994 1841 1044 navare

541 1098 684 1169 operam
709 1072 802 1169 apud
829 1069 941 1168 ipsum
962 1072 1163 1140 Gulielmum
1183 1069 1416 1142 Pontificium
1434 1067 1761 1141 commmissarium.
1789 1059 1838 1162 (a)

543 1172 729 1242 Caeterum
768 1165 841 1264 quit
878 1168 1066 1264 Evangelii
1101 1169 1287 1265 negotium
1317 1166 1429 1264 magis
1453 1165 1759 1262 promovebatur,
1793 1161 1840 1238 eit

544 1266 657 1361 magis
689 1262 755 1360 ipfi
788 1262 949 1334 adversus
980 1265 1206 1362 Zwinglium
1236 1265 1336 1335 vario
1370 1264 1477 1335 modo
1510 1260 1688 1359 insurgere
1711 1260 1841 1333 hostes.

544 1361 682 1435 Extant
700 1359 1066 1433 Osw.MYCONll
1085 1364 1128 1433 ad
1149 1361 1373 1459 Zwinglium
1392 1361 1506 1432 literae
1526 1362 1573 1432 A.
1597 1379 1700 1450 1520.
1726 1357 1841 1449 datae,

542 1460 742 1555 inquibus:
771 1457 820 1554 (b)
857 1453 998 1547 „Vere
1024 1457 1129 1549 dico,
1155 1458 1293 1555 inquit,
1319 1457 1409 1529 nihil
1424 1456 1669 1529 vehementius
1686 1477 1744 1528 me
1760 1477 1842 1525 mo·

543 1609 571 1650 „
596 1575 679 1648 vet,
705 1579 810 1652 quam
833 1552 918 1622 dum
938 1552 1161 1650 Zwinglium
1182 1557 1288 1626 audio
1307 1554 1512 1646 dilacerari,
1529 1553 1604 1626 imo
1620 1574 1694 1623 non
1711 1549 1843 1623 Zwin·

542 1705 569 1746 „
592 1652 730 1748 glium,
764 1649 821 1722 sed
850 1650 951 1720 Evan
979 1646 1100 1721 elium.
1155 1653 1255 1722 Nam
1279 1652 1366 1745 quid
1391 1649 1451 1723 ille
1477 1650 1565 1725 dicit
1591 1648 1689 1748 quod
1704 1671 1778 1720 non
1796 1643 1842 1718 lit

439 1796 442 1802 ·
546 1801 574 1843 „
600 1744 925 1844 Evangelicumi„
953 1671 1039 1816 {rat
1057 1746 1150 1818 idem
1169 1749 1228 1819 hic
1248 1773 1380 1841 annus,
1397 1773 1470 1845 quo
1490 1748 1694 1846 Zwiuglius
1712 1741 1841 1845 quius·

540 1869 612 1941 que
637 1845 707 1916 huc
732 1842 752 1915 a
777 1844 873 1939 Papa
899 1842 1084 1939 publicum
1113 1866 1297 1941 acceperat
1317 1846 1356 1918 sti
1385 1844 1551 1940 endium,
1586 1845 1685 1942 quod
1705 1843 1725 1914 i
1745 1843 1841 1915 Leo·

540 1966 586 2014 ne
603 1940 654 2012 X.
689 1941 727 2012 in
747 1963 937 2012 numerum
965 1939 1216 2014 Accolitorum
1247 1872 1523 2041 Capelianorum
1551 1942 1637 2016 sedis
1661 1945 1840 2014 Romana·

541 2057 706 2136 receptus
722 2036 830 2129 esset,
857 2035 945 2106 illud
963 2038 1125 2134 accipere
1134 2039 1435 2137 ampliusrenuit,
1454 2041 1489 2111 in
1502 2041 1675 2138 singulare
1683 2037 1843 2110 testimo&

541 2139 642 2209 nium
669 2133 907 2234 integritatis,
942 2157 987 2204 ne
1012 2133 1083 2205 suae
1108 2135 1183 2207 vim
1200 2135 1331 2210 faceret
1350 2136 1601 2225 conscientiae;
1639 2139 1689 2230 (al
1708 2136 1844 2231 Neque

540 2231 629 2308 vero
656 2232 838 2330 quisquam
857 2230 983 2302 melior
1001 2229 1076 2328 ipso
1095 2230 1283 2333 Zwinglio
1304 2236 1394 2308 hanc
1414 2233 1550 2307 causam
1568 2232 1841 2330 disceptaverit:

541 2333 578 2404 Is
601 2331 713 2493 igitur
739 2331 815 2401 ita:
858 2379 887 2420 „
904 2327 1019 2422 Quod
1043 2327 1068 2399 fi
1089 2332 1248 2403 avaritiae
1276 2331 1499 2428 &perfidiae
1525 2356 1584 2405 me
1609 2330 1844 2403 insimularint

543 2449 613 2516 „a
639 2423 801 2512 versarii,
836 2424 1092 2495 &muneribus
1110 2452 1214 2499 corru
1245 2450 1346 2521 tum,
1381 2428 1713 2502 falsamdoetrinam
1733 2427 1844 2498 serere
1897 2444 1903 2474 ‘

546 2571 574 2613 „
599 2517 785 2606 dixerint,
818 2515 930 2585 nolite
954 2517 1125 2605 credere,
1157 2546 1181 2588 o
1224 2541 1359 2612 ratres,
1392 2548 1458 2595 nec
1484 2550 1641 2620 unquam
1667 2524 1843 2616 crederit,

546 2669 573 2711 „
598 2609 733 2688 etiamsi
759 2610 903 2685 summis
930 2608 1412 2780 obtestationibpsladeoque
1429 2621 1661 2714 jurejurando
1677 2621 1780 2695 vobis
1799 2618 1844 2691 fi·

1018 2738 1023 2747 ·
1717 2771 1744 2810 „
1763 2716 1845 2789 dem

587 2927 635 3007 (a)
658 2921 724 3002 lpse
748 2921 788 2985 ita
801 2919 838 2984 ad
854 2915 1047 2999 Myconium
1064 2916 1166 2987 scribit
1185 2919 1227 2983 A.
1247 2935 1337 3000 1510.
1359 2920 1436 3002 prid.
1454 2919 1602 2988 Natalitia
1618 2919 1726 2999 Jacobi
1741 2920 1845 2984 Zebe-

545 3007 602 3074 daei
625 3007 681 3072 tilii
707 3007 739 3070 in
763 3003 857 3086 Epnt.
878 3003 1001 3089 Zmrngl
1024 3002 1064 3076 δέ
1084 3002 1243 3089 Oecolamp.
1266 3023 1296 3084 ρ.
1316 3021 1383 3088 174.
1401 3011 1429 3072 b.
1471 3051 1493 3085 ,‚
1509 3006 1638 3071 botheri
1653 3006 1720 3069 vite
1737 3021 1848 3087 parunt

542 3139 563 3174 „
585 3093 698 3166 timeo,
719 3090 829 3152 anime
846 3089 938 3165 nihil,
959 3106 1050 3152 erratu
1067 3088 1087 3152 st
1104 3088 1237 3156 fulmine
1251 3086 1339 3166 Joris
1354 3092 1435 3157 illius
1449 3091 1652 3166 fulminetur,
1675 3109 1741 3154 non
1759 3087 1845 3173 quod

541 3171 944 3256 „excommunicationem
975 3187 1201 3254 contemnam,
1230 3171 1281 3234 sed
1307 3175 1391 3253 quod
1416 3190 1522 3255 putem
1544 3173 1757 3238 damnationes
1779 3171 1848 3240 tatae

543 3302 567 3339 „
590 3260 687 3331 magis
703 3255 824 3332 corpori
840 3272 933 3334 quarn
951 3255 1060 3318 animae
1075 3256 1188 3340 infligi,
1211 3254 1231 3318 st
1248 3254 1353 3337 inique
1370 3259 1563 3342 infligantur,
1586 3277 1672 3341 aeque
1685 3275 1790 3326 autern
1806 3279 1846 3326 an

543 3341 692 3426 „inique
716 3357 788 3401 cum
813 3334 953 3401 liuthero
975 3352 1098 3415 agatur,
1128 3339 1355 3405 nostrumnon
1378 3344 1419 3406 eil
1442 3343 1623 3407 decernere.
1659 3341 1725 3423 lpse
1741 3364 1846 3410 tamen

545 3470 568 3504 ,.
589 3425 692 3490 nolli.
727 3421 894 3499 cujusnam
917 3423 1071 3486 sententie
1095 3421 1162 3488 sm.
1202 3418 1274 3504 Ego
1298 3423 1470 3490 hisdiebus
1496 3426 1695 3491 Gulielmum
1718 3426 1849 3494 Pontifi-

545 3552 567 3587 „
586 3508 671 3570 cium
697 3504 937 3569 commissarium
952 3507 1061 3578 adibo,
1080 3503 1110 3568 dt
1130 3508 1149 3568 si
1163 3503 1341 3570 sermonem
1356 3508 1396 3571 de
1409 3515 1465 3572 hae
1481 3529 1514 3572 re
1530 3512 1627 3574 serere
1641 3515 1783 3590 caeperit,
1813 3528 1851 3577 ut·

522 3602 526 3608 ·
545 3637 567 3672 ,,
588 3595 682 3668 paulo
699 3605 771 3653 ante
787 3588 875 3663 fecit,
905 3589 1055 3667 suadebo,
1085 3603 1119 3651 ut
1136 3586 1323 3652 Pontificem
1340 3593 1524 3671 admoneat,
1544 3612 1583 3655 ne
1598 3597 1850 3661 excommunica·

545 3720 566 3753 ‚,
586 3673 703 3737 tionem
719 3673 811 3740 serat,
840 3673 926 3751 quod
942 3689 1048 3750 putem
1063 3673 1124 3733 hoc
1141 3672 1275 3736 maxime
1291 3671 1308 3736 ὲ
1326 3697 1358 3740 re
1373 3679 1440 3758 ejus
1457 3678 1614 3755 futurum,
1644 3696 1716 3739 nam
1735 3680 1754 3741 si
1770 3682 1849 3744 fert·

546 3799 568 3835 ,‚
589 3773 666 3824 rur,
706 3775 839 3837 auguror
863 3755 1041 3820 Germanos
1066 3772 1141 3818 cum
1163 3763 1490 3827 excommunicatione
1512 3759 1701 3826 Pontificem
1723 3780 1860 3842 quoque

547 3885 567 3918 „
589 3851 813 3904 contemturos.
829 3880 852 3912 ‚,

589 3923 638 4001 (b)
657 3939 676 3982 v
702 3920 796 4002 Epist.
815 3920 946 4006 Zwr'ngl.
965 3921 1005 3994 &³
1023 3920 1182 4009 Oecolamp.

591 4003 641 4082 (c)
662 4001 762 4080 Cujus
779 4007 963 4086 receptionis
979 4007 1217 4076 instrumentum
1232 4012 1320 4117 babet
1336 4005 1578 4074 HOTTlNG.
1597 4008 1667 4072 Sec.
1685 4024 1747 4070 rvr.
1770 4005 1805 4072 P.
1816 4030 1850 4077 tt.

552 4102 581 4164 p.
597 4087 818 4246 (dimidiis
835 4167 931 4236 Helt.
945 4170 987 4240 K.
1003 4172 1047 4241 G.
1064 4195 1095 4262 p.
1110 4192 1164 4260 57.
1189 4171 1410 4243 RUCHAT.
1433 4181 1456 4242 1.
1473 4194 1498 4240 c.
1515 4193 1534 4257 p
1564 4174 1614 4254 76.
