4884 5042
890 438 904 473 0

1175 584 1283 689 (ηε)
1499 665 1501 668 .

571 719 805 806 ducialabor
827 721 889 796 'ille
908 716 1087 817 susceptus
1104 717 1176 811 est,
1203 718 1300 815 quod
1320 719 1686 797 consideremdocere
1705 747 1762 797 me
1782 722 1886 821 posse

571 820 784 920 praeclarum
811 820 966 919 aliquid,
1000 817 1057 891 sed
1077 816 1183 890 libuit
1201 818 1276 891 aliis
1296 819 1431 913 majora
1447 823 1627 894 conaturis
1645 824 1738 894 viam
1758 818 1879 895 muni:

571 943 631 1010 re,
658 944 730 1017 quo
749 920 865 994 minus
885 914 1011 992 offensi
1030 914 1169 990 salebris
1186 941 1228 990 ac
1247 917 1366 1008 lamis,
1392 915 1546 1015 speciosa
1563 918 1623 991 illa
1639 945 1680 992 ac
1694 920 1883 1013 sublimia,

569 1015 712 1091 facilius
747 1017 970 1094 inveherent.
1030 1016 1081 1089 Et
1112 1033 1231 1089 tamen
1257 1014 1432 1112 quidquid
1459 1011 1510 1086 est
1535 1014 1718 1089 industriae
1745 1019 1877 1090 nostrae

569 1113 671 1189 dotti
697 1114 910 1212 candidique
938 1136 1010 1185 non
1037 1111 1312 1207 adspernantur,
1345 1136 1414 1202 nec
1440 1110 1621 1185 oblatrant
1645 1113 1712 1184 nisr
1732 1116 1879 1210 quidam

514 1217 518 1225 '
571 1211 660 1284 adeo
678 1210 832 1307 stupidi,
859 1232 901 1284 ut
919 1209 1013 1307 apud
1032 1210 1160 1281 idiotas
1179 1213 1284 1282 etiam
1305 1211 1427 1308 paullo
1445 1209 1663 1282 cordatiores
1681 1212 1879 1305 explodan-

571 1327 643 1381 tur.
688 1309 824 1406 Nuper
849 1309 909 1380 hic
936 1307 1081 1405 quidam
1103 1309 1198 1404 apud
1218 1310 1382 1405 plebem,
1409 1310 1446 1380 in
1464 1306 1558 1380 sacra
1575 1305 1712 1379 scilicet
1729 1310 1879 1381 concio·

570 1430 636 1499 ne,
672 1405 920 1504 lachrymabili
948 1430 1039 1478 voce
1063 1405 1287 1503 deploravit,
1313 1405 1431 1479 adium
1448 1403 1516 1478 else
1534 1404 1578 1477 de
1596 1405 1726 1477 divinis
1744 1405 1883 1480 Literis

569 1528 612 1578 ac
638 1504 866 1602 Theologis,
895 1503 958 1600 qui
977 1501 1143 1577 hactenus
1161 1503 1269 1579 fidem
1289 1504 1527 1578 Christianam
1547 1501 1614 1575 suis
1632 1503 1786 1576 humeris
1805 1501 1876 1577 sul·

570 1599 711 1696 sissent,
764 1603 966 1701 osteaquam
985 1600 1219 1696 exstitissent,
1246 1605 1309 1701 qui
1328 1597 1597 1676 sacrosanctum
1616 1601 1886 1700 Evangelium,

569 1718 679 1798 atque
704 1723 723 1770 a
748 1722 792 1772 eo
810 1699 918 1795 ipsam
937 1699 1181 1795 precationem
1201 1701 1436 1773 Dominicam
1455 1698 1703 1771 emendarent:
1731 1699 1883 1796 perinde

489 1837 492 1845 π
572 1794 670 1910 quafi
697 1820 768 1895 ego
795 1798 1005 1874 Matthaeum
1023 1816 1084 1869 aut
1109 1799 1238 1872 Lucam
1265 1795 1541 1894 reprehendam:
1580 1820 1621 1869 ac
1640 1820 1713 1869 non
1731 1821 1791 1870 eos
1811 1821 1880 1893 po·
1952 1880 1954 1884 ⁸

570 1912 665 1988 trus,
699 1918 854 1991 quorum
884 1894 1022 1968 inscitia
1048 1895 1231 1970 incuriave
1248 1896 1482 1992 depravatum
1501 1893 1572 1986 est,
1599 1893 1696 1990 quod
1714 1895 1767 1967 illi
1786 1893 1887 1970 resle

568 1989 797 2093 scripserunt.
839 1993 951 2090 Apud
980 1994 1121 2090 Anglos
1147 2018 1261 2087 unus,
1289 2013 1350 2067 aut
1375 1993 1464 2066 alter
1490 1990 1734 2086 vociferatur,
1759 1992 1883 2092 indige

568 2113 656 2166 num
682 2090 822 2165 facinus
844 2093 1085 2182 Hieronymum
1104 2111 1244 2165 tantum
1263 2092 1381 2164 virum
1400 2114 1495 2164 ame
1512 2089 1654 2163 doceri:
1684 2089 1781 2189 quast
1800 2112 1886 2162 mun

569 2189 677 2265 tarirn
702 2189 739 2262 id
781 2189 865 2263 ‘uod
891 2187 935 2261 ab
959 2188 1189 2287 Hieronymo
1206 2188 1383 2286 scripturn
1405 2187 1468 2260 srt:
1496 2211 1537 2260 ac
1556 2212 1629 2260 non
1648 2190 1762 2286 magis
1781 2185 1885 2261 resti·

569 2301 671 2360 tuam
688 2213 788 2380 quod
805 2289 866 2361 ille
883 2284 1035 2383 scripsit.
1062 2288 1112 2361 Et
1131 2308 1251 2362 tamen
1269 2287 1390 2384 magni
1409 2286 1598 2383 Theologi
1617 2284 1681 2358 fibi
1696 2285 1885 2381 videntur,

570 2381 635 2479 qui
659 2380 780 2450 nenias
806 2383 1015 2475 hujusmodi
1040 2383 1290 2478 obganniunt,
1326 2408 1411 2482 quas
1437 2385 1475 2458 &
1501 2382 1653 2456 fullones
1670 2384 1889 2477 exsibilent,

568 2473 682 2576 paulo
709 2471 872 2545 saniores.
915 2474 984 2546 Sed
1008 2476 1236 2640 posteaquam
1256 2505 1321 2550 nos
1340 2482 1562 2571 provinciam
1582 2481 1815 2576 tradidimm,
1841 2503 1885 2559 ut

569 2568 691 2650 multo
710 2591 816 2669 quam
834 2587 916 2642 ante
934 2569 1005 2642 faci
1021 2570 1156 2663 iorem,
1177 2576 1227 2643 ita
1244 2575 1444 2681 non'paulo
1463 2579 1580 2647 minus
1596 2579 1792 2654 obnoxiam
1805 2583 1887 2678 jam

571 2668 743 2760 invidiae,
761 2688 850 2766 age,
868 2667 1077 2766 accingere,
1097 2667 1236 2742 Fabriti
1250 2687 1411 2763 optime,
1429 2669 1885 2839 &hanclampademano
1961 2760 1965 2768 ⁸

571 2766 628 2843 bis
645 2765 813 2842 traditam
832 2767 969 2864 accipe.
996 2765 1080 2839 Nos
1099 2789 1165 2861 pro
1183 2762 1303 2838 nostra
1315 2764 1547 2858 infelicitate,
1565 2790 1638 2863 quo
1673 2767 1777 2844 licuit
1787 2797 1887 2869 prae-

571 2865 753 2959 slitimus,
772 2864 839 2938 tibi
857 2864 946 2938 nihil
965 2889 1040 2938 non
1057 2866 1203 2963 egregie
1220 2861 1401 2960 suppetit,
1421 2863 1519 2960 quod
1537 2864 1579 2935 ad
1595 2864 1666 2935 hoc
1682 2869 1885 2962 pulcherri-

569 2984 672 3040 mum
698 2965 837 3038 facinus
862 2965 995 3062 requiri
1024 2965 1199 3037 videatur.
1242 2963 1350 3035 AEtas
1367 2963 1528 3058 integra,
1555 2962 1592 3035 &
1611 2963 1736 3059 vigens
1755 2966 1883 3039 etiam·

570 3083 663 3135 num
685 3063 898 3154 virensque;
925 3086 1059 3158 corpus
1077 3085 1248 3172 vegetum
1267 3086 1309 3133 ac
1329 3060 1491 3134 laborum
1510 3062 1671 3158 patiens3
1698 3063 1887 3160 ingenium
1920 3109 1924 3124 ·
2013 3117 2016 3122 -

570 3157 685 3252 felix,
713 3155 895 3254 judicium
922 3183 1025 3253 acre,
1054 3179 1162 3232 trium
1183 3161 1386 3256 linguarum
1406 3157 1499 3231 baud
1517 3159 1675 3256 vulgaris
1693 3163 1887 3260 cognitio,

567 3257 789 3355 eloquentiae
822 3275 993 3350 tanturn,
1036 3279 1209 3356 quantum
1237 3281 1312 3330 non
1336 3255 1540 3331 sustinendo
1565 3256 1714 3354 solum,
1748 3285 1884 3339 uverum

504 3417 506 3422 ,
568 3357 678 3432 etiam
701 3352 912 3429 illustrando
931 3359 1081 3454 negotio
1099 3355 1275 3443 sufficiam
1302 3352 1426 3454 ptdlus
1445 3355 1591 3449 ardens,
1618 3381 1686 3430 nec
1704 3357 1814 3434 ullius
1832 3364 1886 3437 rei
1905 3412 1909 3417 -

571 3455 820 3554 appetentius,
847 3479 953 3549 quam
972 3455 1062 3528 bene
1081 3456 1240 3530 merendi
1259 3453 1303 3527 de
1319 3455 1525 3528 mortalium
1543 3455 1707 3528 universo
1724 3479 1886 3554 genere;

572 3553 745 3644 sottum,
776 3551 800 3624 fi
830 3578 904 3626 non
920 3551 1152 3650 amplissima,
1177 3550 1493 3646 certe-sufficiens,
1518 3574 1624 3650 atque
1642 3555 1752 3629 etiam
1770 3555 1885 3640 hone·
1997 3615 2001 3623 .

572 3650 622 3726 aa
632 3684 645 3740 3
672 3650 866 3726 autimitas
882 3651 1000 3744 adest,
1018 3654 1089 3729 tuis
1106 3651 1326 3750 potissimum
1340 3653 1537 3725 virtutibus
1550 3651 1622 3724 tibi·
1632 3671 1754 3750 parta,
1773 3658 1883 3751 quip·
2012 3731 2016 3738 ,

573 3773 622 3844 pe
645 3753 709 3848 qni
734 3751 799 3863 sub
825 3747 1043 3863 ornatiliimo
1070 3749 1222 3848 praesule
1247 3748 1430 3823 Basilienfi
1456 3748 1724 3850 Christophoro
1750 3754 1785 3824 in
1805 3753 1888 3826 aede

574 3847 829 3961 eeleberrrma,
856 3852 1122 3963 concionatoris
1141 3873 1270 3923 munus
1287 3847 1411 3922 obeas:
1437 3846 1679 3963 superomnia
1697 3872 1814 3923 mores
1831 3847 1888 3924 fic·

574 3963 730 4042 mtegrr,
755 3945 848 4021 sama
867 3948 916 4022 lic
936 3949 1098 4044 illibata,
1120 3970 1162 4023 ut
1182 3971 1287 4023 nemo
1307 3946 1351 4020 lit
1370 3966 1441 4021 tarn
1462 3974 1510 4022 rm
1540 3949 1649 4021 ndens
1669 3947 1884 4044 Sycophan-

574 4059 634 4130 ta,
658 4063 860 4153 quemnon
876 4047 1009 4159 prodeat
1026 4050 1117 4122 male
1134 4049 1237 4147 loqui
1253 4047 1297 4121 de
1315 4048 1481 4122 Fabrirr'o.
1562 4071 1617 4119 am
1637 4064 1678 4117 ut
1696 4044 1791 4157 apud
1803 4046 1887 4159 riu·-

593 4162 655 4212 unr
720 4163 739 4213 e
1052 4171 1133 4223 nam
1256 4166 1293 4223 ta
1402 4161 1626 4235 ententram
1643 4166 1686 4217 au
1726 4165 1797 4217 orn
1814 4167 1885 4217 rm·

575 4137 591 4212 l
680 4139 1051 4240 Glbtmobm,bo
1152 4148 1256 4224 landa
1293 4143 1438 4246 mques
1559 4146 1566 4160 ’
1687 4140 1744 4218 ἃ

1795 4265 1886 4342 pro»
2005 4310 2008 4314 ,
