4884 5042
1039 636 1043 640 -
1151 576 1166 663 l
1182 577 1285 667 ¹2¹·)

617 716 687 792 XX.
712 721 777 796 Sed
790 720 897 821 magis
924 742 1081 795 tenentur
1093 721 1254 793 omnibus
1267 721 1374 794 oculis
1388 720 1573 806 intendere,
1587 717 1865 814 ‘omnibusauri-

566 811 632 886 bus
643 817 836 903 advertere,
862 841 905 888 ne
921 843 983 914 pto
1000 813 1233 904 commilitone
1256 817 1357 910 Papae
1384 821 1439 887 sua
1457 815 1504 886 illi
1524 815 1648 887 somnia
1661 817 1854 912 praedicent.

616 908 705 980 XXl.
729 911 860 983 Contra
886 921 1054 982 veniarum
1079 910 1325 1005 Apostolrcarum
1352 920 1522 981 veritatem
1543 910 1605 1006 qui
1627 909 1796 1006 loquitur,
1828 931 1855 980 at

568 1005 623 1073 ille
635 1011 805 1076 anathema
819 1012 858 1081 ὠ*
871 1011 1070 1077 maledidlus.

617 1094 724 1169 XXll.
747 1099 821 1191 Qii
835 1125 916 1172 veto
933 1124 1049 1173 contra
1062 1098 1234 1170 libidinem
1255 1124 1293 1170 ac
1310 1099 1478 1171 licentiam
1500 1097 1684 1169 verborum
1703 1097 1854 1172 Concin-

569 1190 694 1261 natoris
712 1198 885 1265 veniarum
909 1219 1023 1267 curam
1041 1215 1123 1293 agit,
1147 1193 1186 1265 {it
1207 1194 1262 1264 illc
1281 1192 1489 1265 benedictus.
1852 1208 1855 1215 '

591 1332 595 1339 ·
618 1283 745 1356 ΧΧῙΙῙ.
769 1289 864 1361 Sicut
880 1290 968 1386 Papa
977 1289 1066 1386 juste
1080 1289 1237 1359 l'ulminat
1253 1312 1327 1376 eos,
1349 1289 1411 1382 qui
1431 1290 1465 1359 in
1481 1285 1633 1357 fraudem
1652 1285 1778 1383 negotii
1796 1311 1855 1358 vc·

569 1376 703 1450 niarum
722 1405 927 1478 quacunque
948 1406 1018 1457 arte
1039 1382 1283 1468 machinantur.

620 1472 749 1547 XXIV.
773 1476 890 1547 Multo
915 1478 1219 1574 magis·fulminarc
1243 1475 1380 1547 intendit
1398 1499 1478 1563 eos,
1509 1473 1568 1569 qui
1598 1499 1657 1571 per
1679 1474 1855 1564 veniarum

570 1587 775 1662 ptaetextum
791 1572 824 1640 in
844 1568 995 1642 fraudem
1015 1570 1136 1642 fandiae
1153 1570 1320 1642 charitatis
1339 1571 1374 1640 dc
1395 1572 1542 1641 veritatis
1562 1570 1805 1640 machinantur.

620 1659 731 1735 XXV.
753 1664 919 1760 Opinati,
955 1665 1067 1736 venias
1098 1663 1229 1758 papales
1261 1683 1364 1735 tantas
1392 1663 1480 1749 effe,
1507 1682 1545 1733 ut
1574 1662 1702 1733 solvere
1730 1661 1873 1756 posfinv

572 1752 776 1919 lttppuinem,
806 1764 930 1849 etiamst
953 1767 1024 1853 quis
1046 1783 1101 1854 per
1123 1759 1300 1856 imposſsbile
1328 1767 1392 1830 Dei
1412 1766 1601 1857 genitricem
1624 1761 1785 1851 violaffet‚
1805 1758 1863 1847 test¹
1905 1758 1907 1762 ’

572 1869 607 1918 tn
641 1872 721 1926 nire.
1866 1870 1870 1877 '

622 1943 649 2013 l.
676 1945 834 2019 Dicimus
851 1968 984 2032 contra,
1034 1947 1103 2019 uod
1125 1948 1234 2020 veniae
1251 1947 1383 2044 papales
1399 1970 1461 2019 nec
1482 1946 1662 2018 minimum
1676 1944 1857 2019 venialium

573 2058 791 2134 peccatorum
805 2041 923 2115 tollere
942 1971 1065 2137 posdnt
1083 2045 1194 2132 quoad
1213 2043 1363 2137 culpam.
1905 2114 1910 2122 ,

622 2133 669 2203 ll.
695 2133 803 2226 Qtod
825 2136 969 2221 dicitur,
987 2135 1132 2208 nectis.
1150 2137 1269 2208 Petrus
1281 2137 1385 2206 modo
1400 2136 1491 2232 Papa
1511 2133 1606 2221 citet,
1629 2137 1769 2235 majores
1781 2156 1859 2233 gra·

574 2225 635 2298 tias
648 2227 772 2300 donare
784 2231 909 2339 poffct,
933 2230 982 2300 est
1001 2231 1204 2327 blasphemia
1226 2233 1257 2300 in
1277 2235 1310 2301 S.
1328 2232 1464 2301 Petrum
1477 2231 1512 2301 &
1530 2231 1664 2325 Papam.
1860 2246 1876 2275 '-

628 2320 686 2389 lll.
714 2322 871 2392 Dicimus
883 2344 1017 2411 contra,
1041 2325 1246 2418 quodetiam
1261 2323 1368 2395 iste&
1383 2323 1517 2417 quilibet
1541 2332 1628 2418 Papa
1641 2327 1781 2423 majores
1801 2323 1858 2394 ha·

574 2410 649 2497 bet,
672 2409 796 2483 scilicet
813 2415 1066 2511 Evangelium,
1090 2417 1251 2504 virtutes,
1265 2425 1394 2514 gratias
1416 2427 1614 2487 curationum
1627 2419 1695 2491 δίς.
1735 2445 1749 2491 1
1773 2420 1875 2490 Con·

574 2503 661 2577 ΧΗ.

625 2598 690 2671 IV.
713 2597 839 2672 Dicere
850 2622 985 2673 crucem
998 2604 1099 2673 armis
1111 2601 1285 2699 papalibus
1299 2598 1742 2700 inssgnitetercdlam‚cruci
1754 2605 1857 2679 Chri·

578 2691 619 2764 sti
641 2693 863 2789 aequivalere,
886 2695 1092 2790 blasphemia
1103 2696 1163 2767 est.

625 2787 673 2860 V.
697 2791 879 2860 Rationem
900 2790 1037 2863 reddent
1065 2787 1253 2887 Episcopi,
1277 2788 1399 2861 Curati
1417 2791 1455 2863 δι
1477 2789 1672 2886 Theologi,
1695 2794 1756 2886 qui
1779 2790 1860 2864 tales

576 2879 745 2955 sermones
764 2883 797 2954 in
815 2886 984 2980 populum
1004 2886 1111 2991 spargi
1134 2883 1257 2956 sinunt.

627 2978 689 3050 Vl.
714 2978 808 3050 Facit
825 2980 900 3051 haec
909 2979 1079 3052 licentiosa
1090 2978 1263 3052 veniarum
1279 2977 1489 3074 praedicatio,
1512 2996 1550 3049 ut
1566 3002 1628 3050 nec
1640 2977 1859 3052 reverentiam

578 3071 682 3166 Papae
694 3068 791 3144 facile
810 3074 958 3146 fitetiam
971 3075 1081 3147 dodlis
1098 3075 1178 3146 viris
1191 3075 1351 3147 redimere
1366 3099 1385 3147 a
1410 3073 1604 3162 calumniis,
1623 3096 1681 3145 aut
1698 3094 1789 3145 cette
1804 3096 1869 3146 ar··

580 3169 671 3265 gutis
688 3166 935 3259 quaestionibus
946 3170 1122 3242 laicorum.

629 3260 710 3332 Vll.
732 3261 882 3351 Scilicet,
904 3286 969 3334 cur
991 3265 1081 3361 Papa
1100 3288 1169 3336 non
1186 3284 1329 3337 evacuat
1348 3262 1608 3362 purgatorium,
1630 3284 1769 3359 propter
1789 3262 1860 3346 san·

578 3353 758 3447 &infimam
775 3355 985 3445 charitatem,
1007 3358 1044 3431 &
1062 3357 1227 3430 summam
1249 3361 1436 3431 animarum
1464 3357 1703 3445 necessitatem,
1727 3379 1766 3428 ut
1780 3380 1862 3429 cau·

577 3451 645 3521 sam
668 3448 822 3522 omnium
825 3450 1058 3614 fjustissimam
1084 3477 1163 3524 cum
1187 3474 1298 3526 tamen
1317 3452 1464 3523 infinitas
1484 3451 1608 3524 animas
1630 3451 1763 3523 redimit
1781 3476 1862 3548 pro·

577 3566 653 3642 pter
684 3543 822 3617 funestis
837 3570 939 3617 imam
962 3547 1143 3642 pecuniam
1175 3549 1217 3620 ad
1256 3547 1459 3620 struduram
1492 3545 1672 3638 Basilicae,
1704 3544 1860 3644 quaeest

577 3640 675 3712 causa
696 3638 883 3712 levisstma?
1115 3706 1118 3711 .

629 3736 726 3806 Vlll.
757 3735 861 3825 Item,
886 3760 949 3809 cur
970 3734 1164 3833 permanent
1185 3736 1341 3842 exequiae
1367 3738 1405 3811 &
1431 3734 1649 3808 anniversaria
1679 3732 1860 3806 defuneto-

580 3850 675 3916 rum‚
697 3831 734 3902 dt
756 3854 824 3901 non
844 3832 951 3904 reddit
971 3853 1030 3903 aut
1048 3833 1151 3928 recipi
1167 3834 1330 3929 permittit
1348 3831 1511 3905 beneficia
1530 3855 1594 3927 pro
1615 3830 1679 3902 illis
1692 3829 1861 3918 instituta,

582 3943 662 3993 cum
696 3948 749 3993 am
767 3924 804 3996 sit
817 3924 936 4022 injuria
973 3952 1011 3998 to
1029 3927 1209 4023 redemptis
1219 3952 1323 4000 orate.

632 3947 825 4121 liddam,
847 3950 1206 4118 quaeiilanovapietas
1224 4022 1289 4095 Dei
1313 4023 1350 4098 &
1369 4023 1490 4121 Papae,
1517 4019 1612 4119 quod
1635 4016 1865 4121 impio&ini·

1203 4117 1262 4214 Q·
1774 4135 1866 4183 mico
