4884 5042
1237 587 1253 673 (
1268 583 1372 676 rzsse)

679 734 884 811 cliariffimos
897 736 930 808 in
946 730 1087 809 Christo
1097 730 1186 806 filios
1197 731 1349 821 nostros,
1376 728 1653 804 Maximtlianum
1669 731 1704 803 in
1715 732 1975 828 Imperatorem

681 833 856 921 eledum,
874 832 910 904 &
928 831 1179 902 Christicrnum
1214 829 1353 912 Daciae,
1374 826 1508 899 Sueciae
1533 827 1569 898 ὅ(
1598 829 1714 897 Nortv
1760 829 1801 898 iae
1826 832 1978 930 Regem

682 924 868 1015 illustrem,
890 949 929 996 ae
941 924 1095 996 univorsa
1107 923 1180 1017 ejus
1191 945 1294 1017 regna
1308 922 1346 992 bt
1366 920 1441 992 lom
1456 921 1503 992 eis
1519 919 1669 1024 subje&
1686 851 1840 994 noeiirum
1860 927 1900 995 &
1922 930 1979 1000 Α.

682 1019 859 1114 postolicae
872 1018 955 1090 sedis
970 1017 1117 1115 legatum
1128 1019 1171 1088 de
1183 1016 1338 1103 latere,ta
1386 1039 1464 1086 uam
1478 1039 1569 1110 pacis
1583 1016 1742 1114 angelum
1752 1018 1810 1103 ,de
1823 1016 1979 1093 fratrum

683 1112 878 1187 nostrorum
896 1110 1037 1183 confilto
1055 1133 1114 1197 per
1128 1109 1207 1180 alias
1227 1112 1354 1180 nollras
1386 1111 1482 1182 iteras
1498 1109 1699 1181 duxerimus
1715 1111 1983 1206 deslmandum,

685 1226 790 1312 prout
810 1205 926 1277 inillis
949 1205 1079 1300 plenius
1097 1205 1316 1292 continetur,
1341 1227 1403 1274 nos
1425 1204 1531 1302 igitur
1552 1225 1684 1275 matura
1701 1205 1981 1284 consideratione

685 1323 773 1375 rutra
796 1299 920 1372 noslrae
941 1301 1062 1371 mentis
1087 1322 1205 1369 arcam
1238 1297 1480 1387 revolventes,
1502 1297 1692 1394 plurimum
1723 1300 1887 1395 expedire
1909 1327 1982 1398 pro

685 1391 883 1492 hujusmodi
896 1390 1246 1487 sanetaexpeditiooe,
1268 1413 1309 1463 ut
1327 1391 1500 1463 bohemiae
1512 1414 1656 1490 rognum
1671 1449 1682 1474 .
1701 1396 1797 1489 quod
1812 1394 1900 1465 olim
1920 1422 1983 1471 m·

686 1489 855 1563 tholrcum
874 1494 908 1558 in
924 1510 1153 1584 quoscunque
1170 1509 1334 1558 erroresa
1356 1484 1512 1581 pluribus
1527 1488 1621 1560 annis
1649 1488 1685 1559 ὅ(
1703 1488 1898 1562 haeretioem
1927 1491 1983 1565 la.

686 1581 783 1671 bem,
808 1581 948 1653 inimico
961 1582 1426 1677 humantgenerisoperante,
1448 1580 1577 1676 lapsum
1589 1582 1726 1669 suit,ad
1741 1583 1981 1661 obedientiam

689 1674 812 1750 sanstae
833 1677 948 1748 matris
973 1673 1143 1748 militantis
1174 1672 1334 1747 Ecclesrae
1355 1675 1553 1759 reducatur,
1577 1675 1848 1773 cogitantesque,
1874 1683 1982 1776 quod

689 1768 950 1877 circumspcslio
967 1792 1025 1841 tua
1037 1793 1098 1864 pro
1110 1767 1268 1867 singulari
1283 1790 1340 1840 tua
1361 1767 1517 1841 doslrina
1531 1769 1569 1843 ὃ(
1583 1771 1777 1866 prudentia,
1798 1777 1982 1872 magnitu.

581 1867 586 1877 '
689 1864 769 1937 dine
791 1864 907 1951 ammi,
933 1864 970 1938 ὃ(
989 1863 1153 1950 confiliis,
1177 1863 1259 1934 dieti
1277 1863 1371 1962 regni
1388 1863 1543 1952 barones,
1566 1864 1713 1953 nobiles,
1734 1866 1916 1958 militares,
1936 1896 1982 1945 ac

692 1957 939 2047 universitates,
959 1958 995 2032 dt
1013 1958 1378 2063 primatescivitatum,
1399 1957 1552 2053 praesides
1570 1959 1745 2055 &juratos
1759 1961 1983 2063 aliarumque

692 2070 857 2125 terrarum
875 2056 912 2128 ὅ(
939 2054 1146 2150 oppidorum
1164 2049 1351 2139 officiales,
1371 2075 1410 2124 ac
1435 2051 1518 2125 alios
1533 2077 1762 2148 quoscunque
1780 2054 1851 2128 five
1865 2073 1984 2152 cives,

692 2144 762 2218 sive
786 2148 980 2245 populares,
1001 2149 1237 2246 cujuscunque
1256 2147 1396 2245 gradus,
1415 2148 1560 2235 ordinis,
1581 2153 1616 2218 ὃ(
1630 2150 1984 2244 praeeminentiaeexi-

694 2240 798 2330 stant,
819 2265 1008 2339 eorumque
1031 2243 1212 2338 complices
1225 2243 1261 2314 bt
1281 2240 1435 2336 sequaces
1453 2242 1494 2313 ad
1512 2266 1625 2313 veram
1651 2243 1780 2315 Christi
1799 2244 1907 2318 fidem
1929 2276 1985 2323 re.

692 2335 833 2425 ducere,
854 2337 891 2409 ἃ
905 2335 1075 2411 intestam
1089 2337 1235 2410 semitam
1256 2359 1414 2408 revocare
1431 2337 1575 2432 poteris,
1597 2338 1716 2410 eodem
1737 2339 1986 2419 Maximiliano

693 2430 729 2513 in
756 2434 993 2528 imperatorem
1010 2431 1121 2507 eleslo
1132 2430 1298 2503 auxilium
1319 2429 1513 2533 praestante,
1533 2456 1572 2504 ac
1589 2432 1631 2505 de
1646 2456 1706 2505 tua
1720 2433 1985 2532 circumspeffi.

694 2549 778 2615 one,
803 2527 1001 2622 prudentia,
1020 2528 1081 2601 usu
1094 2551 1227 2615 rerum,
1248 2524 1347 2598 nobis
1359 2528 1393 2596 in
1405 2525 1653 2599 arduiseximia
1675 2524 1841 2625 probitate
1857 2533 1897 2604 &
1910 2533 1985 2608 fide

657 2653 666 2669 ·
694 2616 892 2719 cognitis&
916 2618 1277 2718 perspeslis'sumentes
1289 2621 1322 2694 in
1337 2620 1492 2693 Domino
1510 2620 1695 2711 fiduciam,
1718 2623 1885 2720 quodque
1899 2627 1985 2703 scios

694 2714 873 2812 &poteris
896 2715 1099 2789 fludluantes
1121 2739 1276 2788 errorum
1299 2713 1452 2789 turbines
1471 2716 1635 2790 discutere
1651 2717 1687 2791 δ(
1709 2717 1842 2805 sedare,
1865 2721 1906 2794 bt
1930 2749 1985 2797 re.

694 2831 802 2909 gnum
816 2811 923 2908 ipsum
939 2813 972 2881 in
986 2811 1127 2883 sormam
1146 2809 1275 2908 pristini
1293 2810 1422 2882 decoris
1434 2812 1624 2902 restituere,
1647 2811 1855 2884 confidentes
1874 2819 1981 2892 etiam

695 2931 728 2977 tn
749 2907 918 2994 Domino,
943 2907 1128 3010 quodcum
1148 2930 1182 2977 re
1207 2929 1289 2976 num
1307 2905 1408 2977 ctiam
1425 2905 1534 3002 ipsum
1553 2909 1592 2979 ad
1610 2906 1834 2997 obedientiam
1854 2906 1983 2988 sanetae

696 3001 867 3074 Romanae
889 2999 1060 3072 militantis
1075 3001 1164 3073 eccle
1180 3024 1221 3074 rae
1245 2998 1396 3090 redierit,
1417 3024 1497 3072 cum
1515 2999 1715 3075 bellicosum
1735 3001 1864 3097 semper
1883 3006 1984 3081 habi·

696 3114 769 3168 tum
788 3093 842 3179 stt,
869 3115 1014 3166 nontam
1029 3118 1091 3190 pro
1109 3096 1278 3183 mundana
1293 3096 1417 3195 gloria,
1443 3119 1545 3190 quam
1561 3097 1659 3170 etiam
1681 3096 1839 3169 adversus
1857 3099 1984 3176 infide·

696 3187 743 3260 les
763 3189 946 3286 pugnando
958 3188 1017 3259 sibi
1033 3193 1177 3287 peperit3
1203 3215 1307 3290 quam
1320 3214 1384 3287 pro
1398 3187 1479 3263 fidei
1493 3186 1682 3266 Catholicae
1695 3189 1884 3267 defensione
1897 3221 1983 3269 con·

696 3301 746 3354 tra
766 3283 899 3353 Tuecas
921 3307 1119 3358 communes
1142 3286 1253 3360 hostes
1277 3309 1408 3383 praevio
1433 3285 1573 3361 invislae
1604 3287 1715 3360 crucis
1737 3285 1866 3358 vexillo
1895 3315 1984 3367 cum

695 3397 824 3451 caetens
845 3376 975 3450 Christi
993 3379 1151 3455 fidelibus
1169 3381 1342 3479 insurget,
1362 3379 1425 3453 nbi
1441 3406 1522 3456 cum
1542 3383 1754 3454 omnibus&
1775 3380 1916 3476 singulis
1932 3389 1986 3460 di·

696 3469 743 3543 eli
764 3471 902 3568 regni&
917 3476 1063 3571 partium
1077 3476 1316 3584 adjacentium,
1339 3477 1577 3583 cujuscunque
1589 3476 1713 3574 gradus
1726 3477 1762 3546 ὅ(
1774 3477 1988 3555 conditionis

697 3567 857 3658 existant,
878 3571 917 3641 ad
938 3594 1025 3642 verae
1040 3570 1118 3641 fider
1133 3571 1249 3640 lumen
1268 3567 1394 3655 redire,
1417 3573 1453 3644 &
1472 3567 1664 3664 hujusmodi
1681 3590 1809 3637 errores
1828 3568 1987 3650 deserere

697 3661 733 3734 &
746 3660 884 3737 obviare
901 3663 1094 3737 volentibus
1108 3718 1117 3746 ‚
1138 3686 1194 3734 eos
1207 3684 1340 3760 recepta
1353 3663 1396 3735 ab
1406 3664 1453 3734 eis
1463 3661 1670 3758 abjuratione
1688 3661 1815 3732 haerests
1833 3660 1869 3733 ἃ
1883 3690 1986 3744 erro-

699 3777 776 3827 tum
806 3757 1000 3857 hujusmodi
1018 3753 1180 3845 facienda,
1206 3759 1463 3855 praellaodoque
1482 3778 1542 3850 per
1562 3778 1619 3825 eos
1633 3753 1849 3847 juramento,
1881 3769 1987 3856 quod

698 3850 774 3923 talia
793 3854 898 3948 perse
915 3852 1070 3940 deinceps
1088 3874 1155 3922 non
1174 3852 1404 3936 committent,
1427 3851 1480 3919 vel
1498 3846 1571 3919 aliis
1587 3847 1664 3921 talia
1686 3859 1987 3934 commixtentibus

696 3949 896 4033 consilium,
919 3943 1108 4023 auxilium,
1131 3945 1280 4019 savorem
1300 3940 1408 4042 perse
1439 3967 1507 4015 non
1534 3944 1759 4037 praestabunt,
1779 3948 1815 4018 &
1842 3948 1922 4020 alias
1947 3959 1986 4028 in

696 4037 804 4114 sonna
818 4040 962 4119 ecclefiae
986 4046 1143 4116 consueta
1162 4039 1381 4130 absolvendi,
1402 4037 1493 4115 &ad
1510 4041 1666 4117 nostrum
1683 4045 1721 4119 ὅ(
1737 4043 1886 4141 ejusdem
1908 4046 1986 4121 Ee·

1912 4142 1987 4216 cle·
