4884 5042
1123 599 1255 700 (184)

597 753 796 850 itaquoque
808 752 910 851 longe
928 752 1087 827 videntur
1107 748 1319 847 speciofiora‚
1343 745 1572 823 maledislioni
1584 746 1662 820 sunt
1680 744 1880 853 mortales·
1902 775 1909 786 ·

600 845 760 936 obnoxii,
780 846 988 943 consequens
1004 848 1072 938 est,
1091 867 1131 919 ut
1146 871 1184 919 ea
1201 844 1324 942 pariter
1336 866 1472 942 peccata
1484 843 1546 916 fint
1564 841 1745 946 mortalia,
1770 864 1859 937 quae

604 938 670 1010 suis
693 940 769 1014 freti
794 939 925 1013 viribus
951 942 1104 1014 homines
1126 938 1252 1014 faciunt
1271 937 1339 1012 fine
1356 937 1515 1012 Christo:
1568 937 1666 1008 Hinc
1679 936 1722 1009 δ(
1739 928 1796 1008 hx
1809 935 1863 1008 D.

601 1041 786 1135 Hierommi
800 1035 833 1106 in
845 1036 879 1107 h.
891 1033 915 1106 l.
926 1036 1174 1108 commentariis
1186 1031 1294 1107 robur
1305 1033 1444 1105 minime
1459 1033 1532 1105 lene
1543 1031 1668 1127 poterit
1682 1053 1861 1135 arrogari.

603 1126 782 1225 Denique,
798 1128 960 1227 quoniam
974 1131 1016 1201 ira
1033 1148 1242 1228 praeceptum
1264 1126 1313 1201 est
1324 1125 1541 1214 mortalibus,
1554 1145 1593 1198 ut
1607 1124 1708 1195 Deos
1726 1125 1865 1228 ahenos

605 1245 675 1294 non
698 1225 866 1314 habmnt3
899 1243 938 1295 ut
963 1224 1060 1319 plane
1085 1224 1275 1322 graviffime
1287 1243 1402 1320 peccet
1427 1221 1515 1292 istud
1543 1217 1863 1325 transgrediendo,

613 1318 897 1418 transgrediantur
907 1338 1037 1408 autem,
1048 1319 1180 1416 quoties
1194 1319 1381 1414 quicquam
1396 1340 1464 1388 non
1475 1315 1553 1386 Deo
1565 1314 1722 1417 tribuant
1732 1368 1745 1400 ,
1754 1337 1863 1411 eique

609 1411 716 1487 serant
735 1435 936 1508 acceptum,
958 1412 1128 1509 reliquom
1147 1412 1196 1486 est
1213 1468 1225 1505 ,
1245 1413 1270 1484 si
1289 1412 1390 1485 vacui
1406 1411 1470 1482 sint
1520 1428 1598 1512 ratu
1620 1407 1660 1479 &
1686 1406 1866 1510 eharitate

608 1524 649 1578 ut
667 1505 741 1578 sane
757 1507 835 1579 Deo
852 1503 975 1579 referre
991 1506 1073 1580 nihil
1088 1506 1225 1604 prorsus
1238 1526 1365 1605 queant
1381 1505 1426 1581 ita
1445 1503 1490 1579 let
1547 1522 1607 1577 iter
1626 1500 1865 1600 delinquant,

609 1603 728 1697 Atque
739 1601 817 1676 ideo
827 1601 894 1672 hoc
905 1601 1010 1675 modo
1021 1601 1172 1677 succinit.
1672 1649 1674 1652 v
1778 1614 1788 1621 “

562 1694 628 1768 lll.
653 1697 859 1768 paradoxum
880 1699 1040 1770 Tertium.
1204 1785 1207 1789 λ

613 1795 716 1885 Opera
736 1793 895 1864 hominum
915 1814 952 1862 ut
964 1793 1084 1889 semper
1100 1795 1231 1891 [peciafh
1239 1798 1302 1893 stat
1323 1790 1461 1887 bonaque
1481 1788 1677 1876 videantur,
1689 1786 1869 1881 probabile

613 1907 717 1955 tamen
730 1887 771 1969 ess
789 1915 827 1958 ea
838 1909 968 1981 peccata
984 1893 1038 1983 effe
1054 1896 1213 1962 mortalia.

662 1978 715 2051 Ut
725 2000 872 2053 autemo
897 2003 951 2050 cra
969 1982 1145 2055 hominum
1165 1983 1188 2055 si
1205 1973 1733 2082 interiuscooliderentur3mala
1751 1975 1868 2052 foeda·

613 2093 684 2236 pue
708 2096 788 2147 vere
804 2004 1002 2162 censentur,
1016 2098 1265 2178 'quamcunque
1282 2075 1392 2145 fronte
1410 2070 1706 2168 pulchritudmem
1734 2096 1815 2166 prae
1838 2072 1871 2147 se

584 2245 588 2251 ¹
632 2185 746 2254 erant,
773 2167 1042 2331 iraoperapa,
1064 2168 1097 2240 id
1119 2169 1166 2241 est
1187 2167 1360 2274 quaejulli
1383 2165 1464 2273 Deo
1480 2163 1655 2238 austorea
1711 2187 1777 2258 nt,
1796 2194 1869 2274 non

615 2281 791 2428 ntptpqpppp
815 2284 1002 2432 ffljfm'
1026 2264 1125 2356 quod·
1148 2261 1313 2337 suumest
1335 2261 1476 2350 rathis,
1501 2257 1663 2356 spartam
1694 2283 1765 2350 us,
1791 2263 1870 2338 licet

615 2377 643 2521 l

927 2355 1004 2433 itate
1029 2355 1140 2431 sansha
1167 2383 1209 2431 ue
1219 2355 1384 2431 modestia
1407 2355 1583 2428 videantur
1608 2351 1811 2445 deformia,
1832 2361 1871 2432 ἃ

647 2469 683 2520 nt
696 2449 810 2544 plane,
828 2449 959 2549 siquod
977 2451 1106 2525 Christi
1120 2383 1168 2526 est
1179 2451 1223 2525 ab
1234 2452 1282 2525 eis
1297 2451 1502 2539 secernatur,
1556 2447 1746 2551 uiatamen
1761 2452 1873 2525 Chri·

586 2610 590 2619 .
616 2545 669 2616 sto
680 2543 865 2641 adspirante
888 2545 996 2637 fiunt,
1014 2549 1131 2620 merita
1148 2547 1225 2622 sunt
1241 2545 1443 2621 immortalia
1459 2567 1519 2642 per
1567 2541 1719 2646 lartum
1732 2600 1745 2633 ‚
1759 2545 1871 2642 fiqui·

619 2637 696 2712 dem
724 2639 808 2737 legis
838 2640 878 2713 sit
904 2641 1103 2738 adimpletio
1129 2644 1166 2717 &
1194 2641 1268 2739 ipso
1296 2661 1444 2714 merente
1485 2663 1520 2712 in
1547 2636 1646 2709 nobis
1672 2638 1871 2737 nostraque

618 2733 857 2900 ggnoscendol
877 2734 1100 2834 purificante,
1124 2738 1306 2836 praemium
1320 2757 1458 2836 paratur
1470 2734 1562 2808 vitae.
1610 2729 1737 2824 Quare
1751 2733 1871 2810 ficad·

649 2849 755 2903 rmat:

571 2922 638 2999 IV.
664 2926 871 2998 Paradoxum
893 2953 1057 3023 quartum.

622 3026 726 3114 Opera
749 3029 816 3092 Dei
834 3045 871 3092 ut
883 3029 948 3110 fine
962 3028 1081 3117 semper
1103 3023 1261 3120 deformia
1281 3024 1432 3119 maleque
1454 3019 1629 3094 videamur
1651 3044 1735 3091 vere
1760 3041 1871 3095 temen

614 3117 690 3207 sum
714 3124 829 3184 merita
854 3122 1059 3189 immortalia·

671 3206 880 3302 Quanquam
897 3230 1010 3284 autem
1030 3212 1210 3287 hominum
1224 3236 1328 3312 opera
1351 3211 1490 3292 (casunt
1501 3231 1579 3305 quae
1597 3205 1717 3302 suapte
1734 3211 1872 3286 virtute

622 3309 821 3468 <pperanturp
835 3327 924 3378 certe
945 3308 1099 3381 mortalia
1122 3306 1206 3400 sint,
1226 3308 1322 3410 quod
1342 3305 1465 3380 casine
1486 3300 1675 3377 execrando
1700 3327 1810 3408 raptu
1837 3306 1873 3379 in

666 3419 765 3485 eum,
786 3399 1032 3498 peculatusque
1044 3403 1184 3476 crimine
1196 3405 1261 3478 elle
1279 3421 1446 3498 nequeant
1470 3411 1561 3487 (nam
1580 3396 1659 3499 Deo
1686 3397 1801 3503 digne
1821 3424 1873 3474 ro·

625 3488 705 3563 ferri
730 3490 797 3565 fine
822 3494 981 3568 charitate
1014 3496 1097 3570 nihil
1122 3498 1246 3594 potest)
1274 3518 1385 3582 tamen
1414 3496 1575 3592 quoniam
1607 3496 1789 3595 criminari
1825 3493 1873 3567 ob

626 3608 844 3686 quaecunque
859 3615 961 3686 opera
978 3591 1084 3663 homo
1103 3592 1180 3687 jure
1198 3617 1266 3664 non
1287 3588 1384 3687 possit
1402 3613 1514 3683 neque
1534 3586 1794 3753 crimtnag'psta
1812 3589 1872 3662 ad·

626 3682 779 3776 pellanda
803 3685 898 3770 sunt,
939 3683 1052 3755 erinde
1071 3707 1109 3757 ut
1130 3687 1177 3759 est
1203 3685 1425 3767 adulterium,
1452 3680 1657 3753 veneficium
1734 3683 1872 3781 reliqua

624 3776 727 3874 hujus
746 3797 834 3848 nota:
861 3707 989 3847 sedita.
1045 3777 1092 3850 Et
1115 3782 1189 3853 haec
1211 3777 1353 3851 austore
1372 3776 1428 3878 D..
1445 3775 1622 3874 Augustino
1652 3801 1774 3869 quarto
1802 3805 1873 3850 eae·

626 3894 680 3943 tra
697 3871 863 4038 Juliappm
883 3869 962 3974 liaeo
974 3870 1238 3972 dogmatizabat,
1259 3871 1403 3969 ideoque
1420 3893 1454 3941 m
1470 3869 1564 3944 hunc
1579 3869 1727 3944 modum
1750 3871 1875 3947 conse·

626 3986 770 4074 quentcr
814 3985 949 4038 ecermt.

1676 4162 1679 4172 .
1728 4061 1781 4138 V.
1808 4071 1874 4137 Pe·
