4884 5042
1133 562 1149 650 ί
1167 555 1271 656 198.)

560 712 642 814 quie
664 714 761 788 staret
773 712 810 786 &
828 712 1015 809 Scripturas
1033 709 1071 782 ὅ(
1083 708 1212 781 Niccni
1223 703 1374 778 Concilii
1384 701 1577 777 uctoritas.
1626 703 1756 795 Quam
1789 708 1869 781 sen.

560 799 699 886 tentiam
717 831 756 882 ut
771 830 960 893 everteret,
982 806 1098 876 Ecciu's
1120 802 1203 872 nihil
1226 825 1295 872 non
1319 801 1482 886 tentavit,
1504 800 1641 891 hucque
1663 826 1797 874 omncs
1816 807 1872 876 in·

629 905 650 973 ii
665 902 716 974 sui
733 902 900 974 machinas
912 901 1081 986 admovit,
1102 898 1139 970 ὃ(
1152 896 1223 966 dtes
1243 896 1424 968 continuos
1433 893 1516 965 osto
1531 895 1720 988 impendit,
1745 897 1870 972 obiter

560 926 651 1070 ffid
673 995 879 1091 ponffimum
899 995 1053 1082 studens,
1077 1012 1116 1065 ut
1134 991 1303 1086 plerisque
1325 990 1504 1086 Bojemrcae
1519 984 1679 1062 factionis
1696 993 1870 1065 articulis

561 1090 706 1189 objcffls
728 1090 901 1162 hominem
920 1092 953 1159 in
977 1089 1138 1184 majorem
1171 1086 1332 1156 invidiam
1356 1085 1549 1155 adduceret.
1598 1083 1699 1173 Quas
1719 1086 1871 1160 infidias

563 1184 673 1256 statim
701 1184 891 1283 intelligens
914 1192 1109 1268 Marones,
1139 1179 1286 1276 graviter
1305 1180 1343 1251 &
1361 1177 1456 1250 velut
1473 1174 1592 1273 spiritu
1617 1179 1782 1272 quodam
1811 1183 1867 1254 in·

562 1277 726 1365 sternuit,
747 1277 816 1349 huc
834 1275 866 1350 se
887 1307 1045 1372 πιμςγως
1070 1275 1221 1346 infidiose
1242 1274 1340 1345 trahi.
1389 1274 1501 1345 Porro
1525 1270 1661 1364 objosta
1690 1273 1871 1381 dogmata

562 1374 685 1468 partim
704 1395 825 1470 magna
845 1393 931 1455 cunr,
943 1370 1012 1441 indi
1080 1373 1171 1441 tione
1185 1368 1320 1460 rejecit,
1341 1368 1463 1463 partim
1481 1367 1580 1437 etiam
1599 1365 1872 1469 utUChrrstiam

561 1463 855 1564 mpledcbatur,
879 1462 971 1535 nisus
1003 1487 1026 1534 u
1054 1465 1135 1558 ique
1160 1463 1215 1533 vel
1241 1462 1428 1558 Scripturae
1455 1457 1675 1564 libratissrmrs
1698 1464 1869 1539 testimo-

561 1559 704 1647 niis‚vel
719 1578 872 1632 veterum
885 1556 1126 1631 Conciliorum
1142 1555 1295 1629 decretis.
1315 1559 1354 1628 ln
1366 1554 1512 1643 summa,
1522 1553 1605 1624 nrhd
1622 1574 1694 1626 tam
1708 1556 1871 1651 studuit,

563 1676 668 1750 quam
698 1653 861 1725 Boiemici
884 1651 1005 1725 dissidii
1028 1677 1088 1750 per
1107 1651 1141 1723 se
1160 1649 1371 1747 approbandi
1396 1647 1617 1743 suspicionem
1636 1655 1771 1743 procul
1793 1680 1814 1727 a
1832 1655 1868 1730 se

563 1771 733 1820 amovere.
785 1747 921 1820 Rursus
942 1755 1057 1820 Eccius
1068 1748 1102 1819 in
1115 1747 1262 1818 hocerat
1277 1765 1386 1832 totus,
1406 1764 1445 1814 ut
1458 1744 1597 1816 hancde
1609 1752 1772 1817 Marrino
1785 1751 1869 1848 opi.

562 1841 700 1917 nioncnr
723 1842 884 1913 omnibus
910 1843 1097 1937 ingereret,
1122 1840 1194 1937 ipso
1216 1844 1366 1910 Martino
1387 1839 1622 1933 quantumuis
1640 1839 1870 1922 reclamante.

570 1936 695 2007 His&
714 1935 746 2006 id
790 1935 970 2023 enusaliis‚
995 1938 1035 2007 de
1040 1936 1132 2023 statu
1151 1942 1334 2005 animarum
1349 1941 1383 2002 in
1395 1940 1577 2031 purgatorio
1591 1934 1803 2031 degentium,
1826 1942 1871 2015 de

560 1959 1024 2126 penitenriaeffit'nrillatimore,
1046 2032 1128 2123 dep)
1154 2026 1438 2113 condonationrbus,
1460 2027 1550 2099 XX.
1572 2050 1671 2122 paene
1686 2029 1766 2105 dies
1777 2056 1870 2108 con.

565 2119 796 2194 sumebantur.
849 2121 1011 2194 Necdum
1030 2119 1107 2193 sinis
1128 2120 1239 2191 suisset
1256 2118 1367 2208 ullus,
1386 2119 1446 2190 nifi
1457 2120 1649 2193 nuntiatum
1663 2121 1770 2215 estet,
1796 2129 1871 2204 70⁴.

568 2217 727 2299 chimum,
757 2215 993 2285 Marchionem
1013 2213 1392 2311 Brandenburgenscm,
1415 2213 1699 2288 Francosordiae
1726 2220 1872 2299 Princi-

567 2333 653 2408 pum
679 2306 881 2380 Eledtorum
908 2309 1054 2382 comitiis
1074 2315 1110 2406 q)
1140 2309 1334 2381 redeuntem
1361 2309 1395 2379 in
1419 2310 1615 2406 propinquo
1638 2311 1768 2386 adess'e.
1823 2320 1872 2394 Ei

569 2405 660 2477 enirn
680 2403 848 2495 Principis
872 2403 979 2477 nostri
1002 2406 1009 2419 ‘
1041 2402 1090 2476 ssu
1108 2403 1292 2499 hospitium
1318 2403 1362 2475 Li
1390 2402 1443 2476 srae
1463 2405 1496 2475 in
1520 2428 1595 2475 arce
1615 2405 1870 2488 adornandum

567 2518 649 2572 erat.
700 2500 817 2593 ltaque
828 2496 930 2571 srcest
941 2429 1134 2589 disiiissum,
1148 2521 1186 2571 ut
1197 2519 1343 2595 utraque
1353 2429 1456 2570 {stin
1467 2497 1620 2604 vidoriae
1631 2501 1790 2595 palmam
1805 2508 1872 2582 [ibi

571 2592 773 2665 vendicaret.
823 2603 938 2665 Eccius
954 2597 1043 2667 enim
1063 2594 1250 2690 triumphat
1268 2593 1360 2689 apud
1380 2617 1521 2682 omnes,
1541 2617 1602 2698 qur
1616 2595 1672 2666 vel
1687 2630 1740 2669 ma
1766 2626 1872 2697 λυμς

571 2721 718 2783 anquam
741 2710 850 2759 totum
870 2715 910 2761 nc
936 2691 1046 2761 otium
1063 2713 1131 2761 non
1149 2687 1367 2786 intelligunt,
1394 2688 1449 2760 vel
1462 2691 1531 2787 jam
1546 2688 1623 2759 rnde
1641 2712 1660 2759 a
1678 2699 1807 2783 pueris
1831 2695 1870 2767 in

571 2791 664 2855 Petro
680 2789 815 2879 Hrspano
831 2713 1095 2874 congenerem,
1116 2783 1171 2856 vel
1189 2784 1249 2879 qui
1267 2783 1329 2852 alin
1342 2781 1456 2877 aliqua
1466 2807 1508 2856 ex
1526 2781 1621 2854 causa
1638 2784 1872 2861 Wittenber·

570 2876 728 2974 gensibus
746 2879 832 2950 male
850 2881 984 2950 volunt.
1034 2888 1180 2950 Martini
1194 2901 1234 2948 ac
1253 2878 1457 2964 Carolostadii
1469 2877 1663 2949 victoriaco
1679 2881 1807 2954 minus
1819 2884 1873 2957 est

569 2971 726 3057 celebris,
748 2996 821 3067 quo
833 2972 1116 3076 dodtidq‘udicio
1126 2970 1348 3068 praedinsunt
1361 2973 1550 3066 pauciores,
1571 2972 1605 3042 dt
1619 2971 1652 3041 in
1669 2970 1739 3044 suis
1760 2977 1873 3053 rebus

570 3064 837 3158 depraedicandis
850 3068 1080 3139 modestiores.
1130 3066 1248 3138 Habes
1260 3065 1407 3137 fabulam
1421 3068 1567 3137 breviter
1578 3066 1614 3137 ὅ(
1627 3066 1723 3161 quasi
1738 3069 1871 3145 firltua·

573 3175 652 3242 tim,
675 3160 791 3230 multis
807 3184 925 3254 parum
944 3162 983 3231 ad
1000 3163 1109 3234 causae
1128 3161 1250 3232 statum
1270 3159 1467 3232 facientibus
1484 3161 1518 3231 in
1539 3161 1652 3231 medio
1670 3162 1829 3255 relictis,
1851 3193 1872 3241 a

573 3250 700 3322 meribr
715 3252 941 3347 perscriptam.
965 3256 1029 3328 Sed
1042 3256 1152 3355 quid?
1198 3256 1285 3326 Non
1300 3254 1454 3351 plausum
1467 3256 1566 3328 eriam
1579 3255 1728 3328 attollis?
1764 3263 1872 3359 lnep·

574 3364 631 3417 tus
649 3343 780 3420 sonasse
803 3348 863 3421 tibi
891 3351 1005 3422 videor
1025 3386 1191 3448 υποκριτης,
1212 3371 1271 3423 aut
1289 3353 1432 3422 necdum
1452 3349 1540 3421 satur
1558 3349 1873 3446 plumexspeceas.

577 3439 737 3535 Explebo
750 3443 853 3541 igitur
866 3467 897 3519 te
911 3448 1014 3518 velud
1026 3445 1195 3518 fastidium
1212 3468 1321 3540 usque
1334 3446 1519 3537 hisepulrs,
1546 3445 1580 3514 ὅ(
1593 3442 1681 3538 ipsos
1693 3443 1785 3521 belli
1805 3453 1874 3524 hu·

568 3534 627 3631 jus
640 3537 742 3608 duces
760 3536 822 3611 tibi
842 3541 935 3635 qutsr
962 3543 995 3612 in
1012 3540 1125 3612 tabula
1143 3539 1298 3637 depistos
1310 3541 1495 3611 ostendam.
1543 3544 1716 3609 Martinus
1734 3542 1874 3619 statura

573 3631 621 3701 est
642 3632 825 3723 mediocri,
845 3658 990 3728 corpore
1013 3639 1222 3729 gracilem,
1244 3636 1333 3709 curis
1346 3635 1475 3740 pariter
1488 3658 1527 3703 ac
1540 3631 1658 3704 studiis
1670 3635 1872 3730 exhausto,

573 3723 642 3814 src,
672 3749 710 3798 ut
730 3752 872 3825 proprus
894 3729 1036 3799 intuenti
1051 3728 1165 3801 omnia
1182 3753 1279 3828 paene
1297 3729 1364 3801 ossa
1382 3726 1479 3798 liceat
1500 3727 1739 3821 dinumerare3
1764 3757 1875 3808 aetate

1819 3830 1877 3903 vi·

618 4028 631 4105 s
657 4037 664 4094 s
693 4026 843 4108 Hocest,
866 4027 1088 4112 indumentiis.

617 4042 666 4196 (dr
694 4111 730 4176 ln
744 4115 865 4196 quibus
882 4115 953 4183 Rex
969 4115 1128 4202 slispuniae
1143 4113 1282 4182 Carolus
1295 4128 1426 4183 creatus
1439 4111 1544 4182 suerat
1557 4111 1755 4198 Imperator.
