4884 5042
1073 572 1206 672 ltin>

495 722 613 801 matris
627 723 782 801 omniurn
797 715 951 796 fidelium
967 775 978 808 ,
1003 719 1040 793 &
1054 717 1114 791 Ma
1143 720 1231 789 illrae
1245 716 1324 790 fidei
1339 716 1576 807 reverentiam,
1598 735 1700 814 atque
1712 738 1786 789 ner·

494 846 578 894 vum
603 814 1066 911 Ecclesiallicaedisciplinae,
1092 743 1318 885 obedientiam
1333 812 1479 899 scilicet,
1501 838 1580 911 quae
1601 813 1675 886 sons
1687 816 1732 885 cll
1748 814 1785 886 &

496 917 595 1016 origo
612 917 770 988 omnium
790 914 980 997 virtutum,
1010 909 1076 981 sine
1098 933 1164 1004 qua
1185 906 1533 1004 fticnounoiqoisque
1555 908 1697 979 infidelis
1722 907 1789 980 else·

497 1010 731 1097 convincitur,
755 1030 856 1079 nemo
877 1003 963 1074 sattiae
979 1003 1099 1076 inentis
1113 1015 1256 1101 ignorat.
1308 1004 1386 1074 Nos
1407 1005 1512 1100 igitur
1530 1003 1563 1075 in
1582 1002 1784 1099 piaeiiiisfis,

495 1125 616 1203 utpote
633 1101 852 1200 gravisfimis,
877 1098 1075 1193 propensus
1088 1109 1143 1182 (ut
1163 1099 1274 1185 decet)
1291 1099 1492 1193 procedere,
1514 1122 1576 1170 nec
1588 1123 1657 1168 non
1669 1099 1785 1193 liujus·

495 1200 590 1271 modi
603 1199 703 1293 pelli,
717 1195 910 1291 morboque
924 1191 1118 1279 canceroso,
1141 1215 1183 1263 ne
1195 1192 1228 1261 iti
1247 1217 1330 1290 agro
1353 1192 1537 1263 Dominlco
1551 1214 1708 1286 tanquam
1728 1215 1784 1262 vc·

497 1291 567 1387 pris
589 1293 710 1364 nociva
727 1290 868 1362 ulterius
892 1287 1020 1381 serpat,
1043 1289 1130 1357 viam
1151 1289 1361 1376 praecludere
1383 1287 1578 1381 cupientes,
1601 1286 1712 1357 hibita
1731 1289 1787 1357 su·

496 1411 558 1482 per
580 1384 751 1481 praedietis
772 1381 991 1456 erroribus&
1006 1405 1126 1453 eorum
1144 1383 1280 1479 fingnlis
1293 1382 1446 1480 diligenti
1460 1382 1692 1469 trutinatione,
1717 1381 1785 1451 dis·

496 1479 664 1568 cusstone,
687 1505 726 1551 ac
743 1476 898 1551 disti-leto
922 1478 1076 1547 examine
1088 1504 1103 1564 ,·
1121 1497 1322 1572 maturaque
1333 1475 1589 1564 deliberatione,
1610 1473 1785 1545 omnibus·

498 1598 567 1670 que
583 1576 644 1648 rite
657 1572 813 1670 pensatis,
837 1596 875 1643 ac
895 1569 1015 1666 saepius
1039 1571 1202 1642 ventilatis
1221 1595 1301 1642 cum
1326 1569 1585 1643 venerabilibus
1611 1568 1786 1640 Fratribus

439 1686 442 1690 ’
497 1668 619 1740 nostris
648 1667 781 1741 Sanstae
810 1669 982 1738 Romanae
1011 1664 1171 1736 Ecclefiae
1200 1664 1462 1755 Cardinalibus,
1490 1690 1529 1736 ac
1554 1666 1784 1762 Regulaiium

500 1761 675 1835 Ordioum
696 1760 873 1833 Prioribus
897 1761 952 1831 scu
968 1759 1127 1830 ministris
1145 1760 1387 1846 GeneralibuS,
1400 1758 1633 1856 pluribusque
1644 1761 1715 1831 aliis
1727 1761 1786 1830 Sa·
1867 1780 1870 1791 ’

501 1880 569 1929 crae
592 1856 819 1953 Theologiae‚
844 1878 906 1926 nec
923 1879 992 1925 non
1009 1855 1184 1951 utriusque
1199 1856 1291 1948 juris
1311 1853 1572 1950 proselsoiibus,
1595 1853 1662 1926 sive
1682 1854 1788 1950 magi·

500 1951 597 2041 stris,
622 1951 810 2048 &quidem
830 1947 1048 2043 peritissimis3
1070 1951 1256 2045 reperimus
1275 1952 1409 2020 eosdem
1427 1973 1580 2038 errores,
1604 1949 1789 2044 i‘espcdlive

503 2054 558 2134 (ut
585 2049 778 2140 praelcrtur)
796 2069 853 2116 aut
866 2044 1026 2114 articulos
1037 2068 1106 2114 non
1118 2045 1183 2115 elle
1196 2043 1412 2117 Catholicos:
1437 2069 1498 2116 nec
1512 2063 1683 2140 tamquam
1698 2044 1790 2131 tales,

499 2140 565 2214 else
583 2139 878 2241 dogmatizandos,
904 2135 957 2208 scd
985 2159 1102 2210 contra
1125 2138 1284 2210 Ecclesiae
1305 2139 1496 2210 Catholicae
1518 2138 1705 2210 doslrinam
1720 2137 1790 2211 sive

504 2235 745 2322 traditionem,
771 2255 874 2330 atque
900 2232 983 2305 adeo
1008 2257 1121 2306 veiam
1146 2234 1338 2305 divinarum
1360 2234 1603 2330 scriptutarum
1621 2252 1787 2329 receptam

504 2327 833 2423 interpretationem,
854 2328 952 2398 cu'us
971 2327 1162 2399 austoritaii
1187 2331 1232 2400 ita
1254 2350 1292 2397 ac
1319 2328 1533 2400 uiescendum
1559 2328 1687 2399 censuit
1715 2332 1790 2399 Au·

454 2441 457 2445 ’
529 2422 678 2506 ustinus,
699 2440 737 2491 ut
753 2351 918 2490 dixeritdz
934 2420 1123 2517 Euangelio
1139 2445 1207 2491 noti
1227 2422 1276 2492 sui
1305 2422 1561 2507 ecrediturum,
1586 2423 1646 2492 nisi
1668 2422 1787 2494 Eccle-

502 2443 558 2585 siae
578 2511 766 2585 Catholicae
789 2511 1013 2583 intervenisset
1029 2513 1221 2583 auctoritas.
1278 2516 1372 2584 Nam
1391 2540 1434 2586 ex
1453 2515 1576 2587 eisdem
1601 2515 1789 2605 erroribus,

504 2606 559 2680 vel
581 2630 700 2679 eorum
723 2604 856 2769 alipuo,
880 2604 933 2676 vel
948 2604 1118 2700 aliquibus
1136 2606 1245 2699 palam
1259 2606 1429 2702 sequitur,
1446 2610 1584 2680 eandem
1604 2611 1786 2682 Ecclesiam

505 2725 585 2794 quae
611 2701 741 2797 Spiritu
774 2699 876 2771 anolo
904 2697 1055 2796 regitur,
1081 2723 1191 2771 errare
1217 2703 1253 2773 ὃ(
1279 2700 1408 2797 semper
1429 2703 1558 2793 errasse.
1607 2704 1713 2791 Quod
1739 2703 1788 2776 est

504 2796 625 2892 utique
639 2817 755 2867 contra
767 2794 870 2882 illud,
897 2794 990 2897 quod
1006 2792 1166 2866 ‘Christus
1178 2792 1349 2890 discipulis
1362 2796 1427 2867 suis
1444 2797 1477 2865 iii
1497 2795 1698 2869 Ascensione
1716 2795 1789 2884 sua,

504 2911 545 2963 ut
560 2891 595 2962 iii
612 2887 727 2975 fando
747 2889 937 2987 Euangelio
950 2888 1107 2961 Matthaei
1125 2890 1266 2988 legitur,
1288 2888 1461 2985 promisit,
1483 2889 1596 2961 dicens
1608 2918 1619 2980 3
1645 2900 1711 2989 Ego
1734 2917 1790 2960 vo·

400 3046 401 3050 ,
504 2984 622 3081 hiscum
641 2988 715 3077 sum
747 2987 844 3078 usque
870 2986 914 3054 ad
932 2982 1228 3078 'confirmationem
1245 2989 1357 3078 seculi.
1384 3008 1535 3056 necnon
1560 3005 1676 3058 contra
1707 2988 1790 3058 San·

504 3077 643 3152 &orum
665 3081 804 3152 Parium
824 3080 1137 3168 determinationes,
1164 3078 1403 3153 Conciliotum
1421 3103 1561 3176 quoque
1580 3082 1616 3153 ὃ(
1638 3079 1787 3153 summo·

506 3198 584 3246 rum
605 3173 814 3246 Pontificum
832 3174 997 3269 expressas
1021 3176 1266 3264 ordinationes,
1295 3176 1351 3248 seu
1371 3176 1550 3265 Canones3
1576 3174 1703 3272 quibus
1720 3199 1790 3249 noti

507 3269 769 3362 obtemperasse,
796 3272 950 3340 omnium
972 3269 1147 3344 haerefium
1169 3273 1205 3344 &
1229 3270 1463 3358 schismatum,
1490 3271 1572 3342 telle
1592 3271 1790 3367 Cypriano,

505 3363 615 3436 fomes
631 3364 668 3436 &
691 3363 788 3435 causi
809 3361 937 3460 semper
965 3364 1041 3438 suit.
1090 3367 1148 3439 De
1168 3368 1369 3439 eorumdem
1396 3367 1509 3463 itaque
1533 3365 1791 3440 Venerabilium
1884 3443 1888 3456 ,

505 3459 647 3532 fratrum
676 3458 870 3531 nostrorum
890 3461 1042 3532 concilio
1059 3462 1097 3534 &
1114 3460 1257 3547 assensu,
1282 3486 1321 3533 ac
1344 3463 1499 3534 omnium
1518 3459 1555 3533 δ(
1578 3460 1790 3559 singulorum

505 3552 751 3653 praedisioium
770 3573 900 3625 matura
910 3554 1147 3632 deliberatione
1159 3555 1335 3652 praedista,
1360 3554 1559 3629 auctoriate
1575 3557 1793 3651 omnipoten-

507 3652 549 3722 tis
572 3649 656 3736 Dei,
679 3651 715 3722 ὃ(
731 3650 909 3720 Beatorum
929 3649 1176 3744 Apostolorum
1197 3652 1341 3724 Petri&
1361 3651 1477 3742 Pauli,
1500 3652 1537 3724 ὅ(
1556 3650 1683 3740 nostia,
1706 3668 1791 3748 prae·

508 3742 594 3817 fatos
613 3769 729 3816 omnes
743 3743 942 3843 &singulos
959 3746 1135 3833 articulos,
1158 3745 1213 3819 seu
1225 3771 1374 3834 errores,
1400 3769 1558 3842 tanquam
1574 3752 1628 3833 (ut
1640 3747 1792 3843 praemit·

508 3839 607 3920 titur)
631 3837 815 3936 respeslive
826 3839 1022 3926 haereticos,
1043 3861 1101 3912 aut
1118 3841 1346 3930 scandalosos,
1362 3861 1431 3914 aut
1446 3841 1564 3932 falsos,
1582 3862 1640 3914 aut
1659 3843 1792 3935 piarum

509 3931 643 4004 aurium
661 3932 861 4021 offensivos,
884 3934 939 4007 vel
956 3933 1161 4032 simplicium
1179 3957 1345 4009 mentium
1362 3934 1578 4025 sedufflvos,
1596 3939 1632 4008 &
1662 3933 1794 4006 veritati

511 4024 702 4101 Catholicae
721 4027 914 4129 obviantes,
933 4029 1151 4123 damnamus,
1169 4031 1416 4130 reprobamus,
1436 4054 1540 4130 atque
1560 4029 1702 4105 omnino
1720 4028 1799 4135 reji-

580 4164 583 4169 ,
816 4149 817 4152 =
1013 4178 1015 4182 ,
1211 4135 1218 4150 “
1749 4146 1799 4199 cl·
