4884 5042
1224 577 1334 670 (ΖΦ)

671 720 825 818 Papatus
844 710 1148 788 Antichristianus
1162 708 1275 782 bestia
1291 708 1361 784 suit
1375 718 1450 783 ‘tarn
1469 697 1718 786 abominabilis
1740 714 1777 789 dt
1789 712 1943 813 turpis,-

625 832 668 887 ut
695 811 716 887 d
744 814 854 887 Paulo
881 813 917 884 ὃς
934 811 1070 904 Joanne
1089 807 1239 881 describi
1258 809 1320 880 vix
1339 806 1418 882 satis
1435 813 1607 905 potuerit.
1649 808 1761 884 Paffio
1779 813 1816 886 &
1834 811 1938 886 satis·

625 907 783 987 oresio
807 905 965 999 Christi,
991 923 1032 979 ut
1050 904 1146 978 nuda
1164 903 1330 999 historia,
1356 904 1471 979 veluti
1489 907 1647 1005 Odyffea
1666 909 1821 982 Homeri
1838 930 1938 981 trac-

628 1006 791 1099 tabatur,
811 1004 965 1095 deside,
984 1027 1054 1100 qua
1070 1004 1147 1100 ejus
1161 1000 1311 1095 Justitia
1322 1003 1360 1077 ὃ(
1373 1001 1533 1077 nutritas
1551 1030 1634 1078 cum
1655 1006 1865 1080 haereditate
1879 1007 1941 1077 vi·

627 1123 677 1181 tc
696 1126 841 1177 aetetnae
850 1100 1148 1198 apprehenditur,
1167 1100 1283 1172 altum
1291 1121 1367 1174 etat
1378 1098 1579 1194 silentium,
1596 1103 1763 1175 Christus
1772 1123 1814 1176 ut
1823 1104 1946 1176 saevus

625 1200 738 1301 judex
774 1199 1068 1288 describebatur,
1101 1219 1225 1271 omnes
1251 1199 1316 1294 qui
1340 1198 1644 1273 intercessionibus
1669 1199 1868 1272 sanctorum
1897 1202 1944 1274 bt

629 1296 852 1373 Pontificum
878 1297 1003 1396 gratiis
1027 1313 1222 1386 carerent,
1251 1297 1492 1369 damnaturus.
1541 1298 1792 1393 subrogarunt
1816 1299 1949 1393 itaque

631 1395 766 1488 Christi
792 1396 878 1468 loco
904 1389 1206 1467 intercessores&
1231 1390 1441 1487 salvatores,
1476 1395 1632 1468 Mariam
1651 1395 1867 1493 Virginem,
1895 1413 1946 1468 ut

631 1517 677 1590 pa
705 1494 761 1566 aui
780 1493 958 1582 Dianam,
975 1490 1057 1563 dein
1075 1490 1163 1563 alios
1182 1487 1338 1584 sanstos,
1356 1513 1511 1588 quorum
1528 1492 1676 1566 subinde
1694 1494 1779 1564 novi
1792 1492 1949 1591 plurimi

630 1613 654 1665 a
677 1517 917 1666 sensificans
942 1587 1167 1676 creabantur.
1215 1585 1410 1662 Docebant
1435 1609 1554 1663 tamen
1572 1614 1688 1685 neque
1705 1592 1770 1664 hos
1786 1614 1854 1687 pro
1873 1613 1946 1662 no·

631 1687 687 1767 bis
705 1713 828 1780 orare,
846 1688 910 1760 nifi
928 1686 965 1759 id
983 1685 1027 1758 de
1046 1687 1109 1775 iis,
1130 1687 1191 1780 ὅτ,
1234 1710 1299 1760 uos
1317 1685 1572 1782 fundaverant,
1590 1688 1791 1762 Ordinibus
1802 1686 1862 1759 seu
1873 1687 1946 1760 So·

631 1787 822 1864 eietatibus
840 1808 1068 1859 mereremur.
1094 1710 1363 1859 ostendebatur
1378 1787 1508 1882 quibus
1526 1785 1696 1883 operibus
1713 1786 1750 1857 id
1764 1785 1842 1858 fieri
1884 1809 1947 1859 os·

632 1881 697 1958 set.
742 1884 851 1958 Nihil
869 1904 987 1956 tamen
1006 1884 1052 1956 de
1070 1885 1163 1955 veris
1181 1883 1285 1956 bonis
1302 1910 1326 1955 o
1353 1882 1494 1975 eribus,
1521 1882 1699 1954 indecalo
1728 1908 1751 1952 o
1769 1907 1851 1953 man
1897 1884 1951 1958 tis

634 1979 673 2051 δι
691 1981 843 2053 cuilibet
863 1981 1049 2052 hominum
1067 1981 1186 2050 ordini
1203 1908 1522 2068 incumbentibus,
1548 1999 1710 2068 propone
1758 1997 1840 2070 tur,
1858 1980 1953 2055 vilia

632 2093 733 2149 eram
760 2076 839 2164 illa,
873 2100 967 2146 nova
992 2074 1265 2144 inveniebantur
1288 2072 1476 2163 quotidie,
1499 2091 1581 2163 quae
1601 2071 1757 2141 multum
1776 2077 1953 2166 pecuniae

631 2168 874 2250 hcetdotibus
892 2170 929 2239 &
949 2165 1144 2236 Monachis
1161 2162 1370 2235 afferebant.
1395 2164 1475 2261 Qui
1492 2165 1586 2237 eninr
1605 2164 1665 2237 illa
1682 2165 1829 2262 copiose
1846 2191 1949 2260 prae·

634 2265 785 2357 starent,
811 2282 872 2334 aut
891 2263 935 2334 ab
952 2263 1027 2334 aliis
1046 2259 1281 2354 redimerent,
1308 2259 1388 2333 illos
1405 2263 1658 2359 poenitentiam
1675 2287 1760 2334 vere
1779 2285 1886 2360 agere
1904 2265 1952 2341 ὃς

632 2365 746 2442 vitatu
766 2382 934 2436 aeternam
954 2360 1149 2457 promereri
1167 2356 1404 2445 di8titabant3
1431 2361 1494 2456 qui
1512 2358 1549 2431 id
1567 2360 1755 2458 negligens
1763 2360 1950 2436 morieba-

635 2479 722 2555 tur,
742 2463 771 2532 is
789 2479 850 2532 aut
867 2459 903 2530 in
923 2458 1124 2550 infernum,
1150 2476 1212 2529 aut
1231 2458 1267 2528 in
1285 2459 1537 2554 purgatorium
1556 2458 1715 2532 incidere
1731 2457 1956 2556 dicebatur,

634 2562 675 2634 in
692 2561 761 2632 hoc
779 2578 851 2631 tam
869 2557 932 2630 diu
951 2555 1103 2628 flammis
1122 2554 1300 2648 urendus,
1319 2553 1435 2627 donec
1455 2554 1550 2653 ipse,
1569 2578 1631 2630 aut
1643 2557 1703 2630 alii
1715 2560 1791 2653 ejus
1801 2560 1959 2634 nomine

634 2655 890 2733 satisfecissent.
934 2655 1059 2752 Opera
1086 2653 1205 2748 itaque
1231 2653 1292 2725 illa
1316 2653 1440 2750 magni
1468 2652 1625 2748 fiebant,
1653 2658 1691 2730 &
1709 2656 1823 2753 pluris
1839 2680 1954 2753 quam.

634 2754 743 2854 paffio
771 2757 807 2830 &
836 2750 1041 2828 innocentia
1068 2750 1229 2840 Christi,
1254 2752 1392 2849 jejunia
1409 2771 1519 2850 puta,
1546 2755 1583 2828 bt
1602 2754 1855 2852 pronunciatio
1874 2757 1950 2829 sre-

633 2852 911 2956 srequentissrma
937 2853 1108 2926 orationis
1134 2849 1329 2922 dominica
1357 2849 1395 2924 bt
1422 2847 1641 2925 salutationis
1663 2853 1860 2948 angelicae,
1888 2878 1950 2924 ro-

635 2953 743 3048 saria,
779 2956 927 3054 pallium
954 2953 1107 3039 Mariae,
1133 2949 1355 3044 precationes
1375 2947 1541 3041 Ursulae,
1568 2951 1762 3048 Brigittae,
1789 2949 1951 3021 Psalterii

585 3129 590 3142 ,
635 3053 677 3126 dt
701 3054 965 3125 Canonicarum
992 3048 1158 3116 horarum
1184 3044 1437 3138 recitationes,
1466 3047 1528 3119 diu
1547 3046 1728 3145 nostuque
1747 3044 1945 3119 indefinen·

637 3169 698 3220 ter
720 3145 939 3231 canendum,
973 3137 1178 3231 boandum,
1207 3141 1457 3235 clamandum,
1484 3145 1731 3221 mussitandum
1749 3165 1848 3237 erat,
1872 3167 1947 3215 non

636 3262 778 3316 attento
806 3234 904 3308 eruo
934 3234 1092 3311 Christi:
1128 3262 1201 3311 cum
1218 3242 1401 3314 mannisis
1415 3248 1517 3317 nolite
1533 3248 1675 3319 maltum
1692 3248 1781 3337 loqui
1797 3257 1834 3312 ut
1852 3242 1947 3309 Eth-

635 3341 705 3411 αἰεὶ
723 3336 888 3430 faciunt,
922 3333 1082 3410 Aderant
1109 3334 1307 3411 sacerdotes
1335 3339 1371 3412 ὅ(
1400 3342 1601 3434 Monachi,
1636 3340 1741 3412 variis
1767 3333 1945 3422 vestibus,

637 3431 872 3529 ceremoniis,
905 3434 1055 3531 ritibus,
1080 3436 1353 3534 vivendique&
1367 3439 1592 3535 jejuniorum
1612 3438 1749 3510 ratione
1765 3424 1946 3537 distineli,

593 3543 596 3548 ’
630 3528 701 3628 φὶ
725 3527 789 3602 isla
806 3530 979 3608 servantes
997 3536 1120 3610 salvari
1137 3534 1350 3608 dicebantur
1360 3566 1374 3621 3
1402 3558 1527 3608 eorum
1547 3536 1673 3605 merita
1690 3527 1797 3598 etiam
1818 3526 1947 3597 redimi

639 3629 678 3707 dt
703 3629 783 3703 aliis
797 3631 993 3728 applicari,
1018 3651 1060 3702 nt
1078 3628 1248 3725 aiebant,
1267 3652 1445 3727 poterant.
1495 3631 1556 3704 Sic
1575 3627 1779 3722 plusquam
1799 3621 1949 3697 dimidia

638 3753 752 3829 aputu
768 3752 849 3826 pars
865 3728 908 3802 ad
926 3729 1068 3802 ordines
1086 3728 1346 3802 monachorum
1361 3728 1475 3802 delata
1483 3724 1557 3810 est;
1576 3719 1948 3794 confirmabatomnes

637 3827 811 3906 Pontifex
837 3827 875 3903 &
899 3830 1135 3928 protegebat,
1161 3825 1365 3924 prohibitus
1382 3845 1458 3900 erat
1477 3820 1659 3913 carnium,
1684 3820 1832 3916 butyri,
1859 3820 1948 3892 casei

639 3928 743 4022 ustis,
775 3926 1074 4025 transgredientes
1092 3928 1142 4001 rei
1161 3943 1393 4022 peccatorum
1413 3920 1568 4008 fiebant,
1593 3942 1675 4017 quae
1695 3940 1815 3993 tamen
1834 3941 1948 4014 pecu-

641 4029 702 4103 nia
726 4027 778 4102 lui
805 4044 984 4125 poterant.
1029 4026 1117 4101 lnde
1140 4024 1248 4097 etiarn
1275 4020 1473 4095 multitudo
1497 4015 1700 4113 festorum,
1743 4019 1949 4115 peregrina·

640 4129 782 4224 tiana,
811 4128 979 4209 somma
995 4126 1034 4203 ὅ(
1052 4119 1385 4220 Hierosolymam
1397 4120 1490 4195 item.
1502 4117 1547 4194 ad
1566 4118 1604 4193 S.
1618 4115 1797 4214 Jacobum
1808 4115 1949 4288 'Cissi‘
