4884 5042
1224 586 1250 674 't
1268 587 1368 682 ¹64)

662 729 765 823 tnui,
788 710 912 804 abillis
929 731 1204 808 consuetudinem
1226 733 1322 804 nohis
1336 731 1450 828 objici.
1501 728 1628 804 Audite
1642 747 1742 832 ergo,
1755 726 1862 833 'quid
1884 736 1968 812 scriss

671 827 727 899 hat
745 828 950 914 Corinthiis,
972 831 1009 897 lii
1026 827 1167 920 prioiee
1193 827 1304 914 istola,
1319 829 1426 921 capite
1445 848 1530 897 xiv.
1550 827 1694 923 copiosis
1707 830 1822 902 verbis
1839 831 1891 904 sic
1905 834 1967 909 ait:

670 923 1051 1006 Sedeniiri‘clr'arr'n'rrem,
1076 851 1284 992 aernuiemini
1303 919 1507 1024 spiritualia,
1528 919 1563 990 in
1583 922 1699 1015 primis
1718 944 1757 995 ut
1767 927 1970 1021 prophete.

662 1014 725 1088 tis.
775 1015 1115 1111 Nam’quiloquitur
1132 1016 1267 1112 lingua,
1286 1039 1354 1085 non
1374 1014 1584 1100 hominibus,
1607 1014 1661 1088 sed
1678 1016 1758 1086 Deo
1779 1020 1967 1114 loquitur,

661 1110 788 1181 ‘nullus
803 1109 891 1181 enim
908 1112 1019 1197 audit,
1041 1108 1169 1200 Spiritu
1193 1131 1275 1178 vero
1293 1108 1447 1201 loquitur
1471 1108 1637 1205 mysteria.
1687 1113 1876 1184 Caeterum
1904 1117 1970 1210 qui

672 1206 865 1299 prophetat,
888 1201 1083 1275 hominibus
1102 1202 1273 1299 loquitur,
1293 1202 1549 1274 aedi'licationem
1564 1203 1600 1274 &
1613 1201 1914 1292 exhortationem,
1929 1211 1968 1283 &

671 1298 948 1371 consolationem.
995 1297 1069 1388 Qui
1084 1297 1239 1392 loquitur
1251 1295 1380 1389 lingua,
1403 1294 1546 1390 seipsum
1562 1295 1724 1384 aedifieat,
1746 1317 1780 1369 at
1798 1301 1866 1395 qui
1882 1326 1969 1396 pro·

669 1392 803 1488 phetat,
823 1395 1118 1491 congregationem
1140 1389 1296 1462 aedificat.
1346 1389 1453 1480 Quod
1475 1391 1533 1462 est-¹
1549 1391 1634 1460 r'llud
1647 1393 1809 1486 prophetia
1824 1406 1969 1494 genus!

663 1511 772 1578 carre,
793 1493 881 1559 lollio
896 1492 1053 1587 euangelii
1069 1486 1105 1558 ὅ(
1122 1483 1362 1582 epistolarum,
1387 1489 1421 1556 ὃ(
1435 1487 1706 1581 prophetarum,
1732 1487 1769 1559 &
1787 1494 1968 1564 eorundem

669 1577 898 1678 interpretatio,
919 1582 982 1653 hac.
992 1591 1077 1652 eninr
1094 1589 1238 1651 maxime
1252 1580 1293 1651 ad
1311 1578 1591 1668 aedificationeiu,
1611 1581 1647 1650 ὅ(
1663 1581 1968 1675 exhortationem,

671 1676 996 1750 &consolationem
1024 1676 1171 1750 ecclefiae
1199 1675 1375 1770 pertinent.
1426 1676 1519 1745 Nam
1549 1695 1587 1745 ut
1608 1673 1649 1744 ad
1679 1677 1866 1772 Romanos
1894 1683 1963 1755 ait:

673 1769 907 1868 Qiaecunque
921 1770 1113 1866 praescripta
1129 1768 1219 1856 sunt,
1246 1771 1279 1839 in
1297 1769 1442 1840 noslram
1456 1767 1645 1839 doetrinam
1683 1768 1792 1841 raescri
1805 1776 1808 1781 ’
1822 1791 1855 1842 ta
1870 1773 1967 1866 sunt,

673 1886 713 1936 ut
734 1891 792 1960 per
810 1866 998 1958 patientiam
1017 1865 1054 1936 ὅ(
1082 1864 1343 1938 consolationem
1371 1863 1611 1954 seripturarum
1659 1886 1734 1958 pem
1758 1863 1802 1934 ha
1870 1893 1966 1943 mus.

674 1956 723 2028 Et
733 1960 814 2065 quid
828 1959 945 2055 quaeso
959 1959 1109 2049 aedifico,
1137 1959 1243 2030 sinon
1255 1957 1448 2062 intelligor?
1471 1955 1549 2059 quis
1561 1955 1679 2028 melior
1693 1957 1786 2029 abit?
1833 1984 1893 2034 uis
1912 1988 1966 2037 re·

665 2048 815 2145 hpr'icir?
836 2055 914 2216 puis
923 2052 1187 2151 compungitur?
1201 2050 1277 2146 quis
1290 2051 1642 2144 sortior&patientior
1654 2053 1695 2124 ad
1708 1984 1966 2151 serendahujui

663 2144 777 2217 ,secuit
791 2171 842 2218 ma
856 2174 893 2233 a,
913 2147 949 2236 δι
964 2147 1180 2219 resistendum
1191 2145 1423 2232 daemonibus,
1438 2145 1514 2242 quis
1526 2145 1566 2217 ad
1580 2148 1734 2242 pictatem
1751 2150 1789 2220 ὃ(
1806 2149 1962 2229 virtutes

665 2238 867 2337 ‘flagrantior
883 2239 1050 2313 efficitur?
1069 2242 1163 2312 Volo
1179 2258 1291 2311 autem
1313 2235 1455 2324 :subditl
1468 2262 1592 2312 omnes
1610 2265 1671 2312 vos
1692 2242 1787 2338 loqui
1809 2244 1967 2343 linguis,

668 2337 779 2439 inagis
796 2355 920 2423 tamen,
942 2356 980 2441 ut
995 2334 1218 2502 prophetetis,
1236 2334 1341 2430 major
1361 2335 1450 2406 enirn
1472 2337 1544 2499 (ἮυίἹ
1557 2336 1750 2431 prophetat,
1767 2360 1876 2432 quain
1897 2347 1966 2450 qui

668 2426 827 2522 loquitur
842 2429 865 2499 li
871 2453 993 2529 riguis,
1012 2455 1045 2502 m
1060 2458 1071 2502 1
1091 2431 1346 2528 interpretetur,
1374 2449 1413 2501 ut
1430 2453 1490 2501 ecc
1503 2436 1568 2502 elia
1582 2427 1844 2527 aedificationem
1868 2459 1967 2511 acer.

668 2522 752 2619 piat.
774 2526 814 2597 N
818 2549 885 2598 uuc
901 2548 1032 2617 autem3
1056 2524 1205 2614 Fratres,
1226 2522 1249 2595 fi
1267 2524 1395 2595 veniam
1406 2529 1448 2596 ad
1465 2548 1527 2596 vos
1548 2524 1670 2624 linguis
1689 2524 1967 2627 loquens‚'quid

666 2620 838 2715 prodero,
859 2620 918 2692 nisi
937 2623 1032 2692 vobis
1040 2621 1182 2719 loquar,
1197 2641 1256 2693 aut
1269 2644 1327 2714 per
1340 2621 1591 2706 revelationem,
1610 2641 1667 2691 aut
1689 2643 1747 2715 pei
1760 2620 1963 2719 seientiam,

666 2736 732 2785 iaut
746 2738 805 2810 per
819 2716 1046 2813 prophetiam,
1063 2738 1120 2788 aut
1155 2740 1191 2787 er
1207 2713 1421 2787 doctrinam?
1447 2717 1536 2786 llcee
1552 2714 1676 2786 Paulus
1690 2737 1755 2785 tam
1770 2715 1968 2793 admirabir

671 2807 742 2882 lem
765 2812 904 2910 gratiam
924 2812 1074 2898 sortitus,
1095 2742 1176 2882 nihil
1196 2809 1228 2881 se
1246 2808 1465 2904 profuturum
1486 2808 1626 2894 latetur,
1647 2807 1838 2911 quidlergo
1857 2813 1969 2890 nobis

673 2906 896 3004 arrogamus?
927 2907 1041 3002 Adjun
1070 2907 1093 2976 ir
1111 2906 1308 2977 concinnam
1338 2902 1616 2975 similitudinem:
1649 2904 1783 2972 Etenim
1810 2908 1968 2985 inanima

674 3021 793 3070 vocem
822 2999 1010 3084 reddentia,
1031 2930 1216 3084 diarrhia,
1238 2997 1473 3084 succisura,
1502 2997 1560 3068 nisi
1583 2995 1835 3069 distinctionem
1872 3002 1969 3078 sonis

673 3095 847 3179 dederint,
866 3095 1044 3188 quoinodo
1070 3093 1292 3188 cognoscetur
1314 3094 1408 3185 quod
1433 3093 1513 3164 tibia
1534 3091 1687 3176 canitur,
1712 3112 1771 3162 aut
1797 3093 1967 3171 cithara?

667 3187 769 3259 *Nam
789 3187 984 3258 siincertam
1003 3211 1121 3258 vocem
1141 3187 1222 3259 tuba
1236 3189 1383 3274 dederit,
1408 3187 1486 3284 quis
1503 3184 1718 3283 apparabitur
1734 3186 1774 3256 ad
1796 3185 1965 3265 bellum?

666 3280 733 3355 aie
746 3282 782 3353 Sc
801 3304 862 3354 vos
875 3304 933 3372 per
950 3281 1120 3381 linguam,
1142 3281 1201 3353 nisi
1222 3281 1463 3381 sguilieantem
1478 3281 1663 3354 sermonem
1675 3279 1853 3369 dederitis,
1872 3308 1969 3381 quo.

669 3375 780 3447 modo
802 3375 1020 3476 intelligitur,
1044 3379 1137 3473 quod
1161 3376 1312 3449 dicitur?
1335 3378 1437 3448 Eritis
1457 3399 1548 3449 enirn
1576 3377 1609 3446 iii
1630 3377 1740 3447 aerem
1766 3375 1968 3470 loquentes.

674 3472 765 3543 Tam
785 3471 911 3562 multa,
938 3472 1031 3544 verbi
1048 3473 1173 3570 gratia,
1200 3495 1320 3570 genera
1335 3494 1460 3542 vocum
1473 3471 1549 3541 sunt
1565 3470 1601 3540 in
1619 3469 1770 3556 mundo,
1789 3469 1876 3542 nihil
1899 3475 1969 3548 ho-

674 3589 753 3639 rum
775 3589 921 3639 mutum.
972 3567 1356 3660 lltinairiexpendeient
1375 3568 1448 3637 haec
1469 3565 1570 3636 verba
1585 3563 1690 3635 nostri
1704 3560 1910 3656 sacerdotes,
1924 3571 1968 3649 δι

673 3684 716 3734 co
743 3662 912 3735 noscerent
924 3658 1294 3760 quibusconseruntur.
1347 3663 1439 3730 Nam
1453 3657 1625 3729 inferiores
1641 3681 1699 3730 eos
1719 3656 1796 3729 sacit
1814 3656 1967 3739 tibiis&

643 3764 650 3793 ‘¹
669 3684 765 3828 tuiis
777 3758 812 3830 &
827 3757 963 3843 cibaris,
985 3757 1022 3827 lit
1036 3753 1117 3823 dicit
1132 3751 1489 3848 loquenterina'e'rem.
1518 3750 1562 3821 Ei
1575 3750 1660 3846 quid
1674 3748 1722 3823 est
1740 3751 1836 3847 loqui
1856 3753 1893 3825 iri
1905 3760 1969 3830 ιδ·

666 3873 767 3938 rem,
790 3853 849 3923 nisi
870 3851 973 3921 bonas
990 3849 1105 3934 horas,
1129 3848 1166 3920 &
1188 3847 1375 3945 preciosum
1395 3868 1529 3940 tempus
1549 3849 1635 3916 male
1652 3845 1837 3936 collocare,
1858 3848 1899 3922 ὅτ
1923 3874 1968 3928 ιιι

667 3934 718 4017 'lic
733 3947 859 4030 dicam,
879 3943 1031 4041 'equitare
1043 3942 1074 4011 in
1087 3946 1251 4014 arundine
1272 3940 1392 4039 longa?
1422 3941 1537 4036 ltaque
1552 3939 1575 4012 fi
1594 3940 1741 4014 nesciero
1756 3939 1826 4012 vim
1843 3946 1969 4040 vocis,

671 4060 732 4112 ero
744 4040 774 4111 ei
786 4043 846 4140 qui
860 4039 1013 4137 loquitur
1030 4035 1207 4128 barbarus,
1228 4036 1306 4110 &is
1321 4036 1384 4135 qui
1402 4037 1580 4135 loquitur,
1599 4034 1691 4136 apud
1708 4057 1763 4110 me
1781 4034 1968 4211 mavi·

749 4148 753 4155 .
862 4204 867 4211 Ι
1207 4178 1227 4187 ..
1933 4159 1980 4213 b·
