4884 5042
470 799 473 804 .
504 725 663 809 testatum
682 727 896 803 tenebrarum
915 727 1167 834 temptationes,
1188 724 1328 822 quamsi
1347 718 1380 795 in
1393 723 1478 796 statu
1491 748 1567 820 pee-
1582 720 1797 819 dumanirnas.

502 831 572 901 cati
588 824 738 898 mortalis
751 848 810 920 per
833 822 882 911 se,
899 846 1059 895 omnium
1078 822 1250 893 bonorum
1272 819 1449 889 hominurn
1468 844 1568 915 opera
1586 808 1799 904 νθῐθῐῐῃὲχξ·

427 1000 431 1006 .
504 920 638 994 faceret.
689 919 885 1014 Dicantque
906 916 1136 990 predicatores
1161 915 1257 1011 quod
1282 913 1434 984 homines
1451 907 1797 1036 hujus-“mll'ss‘ff'

455 1009 459 1015 ’
503 1016 600 1089 modi
676 1012 925 1109 rticipationem
956 1011 1093 1106 possunt
1120 1007 1282 1105 consequi
1308 1031 1352 1082 ex
1381 1006 1565 1079 litterarum
1579 989 1721 1118 ssgssfflg
1746 991 1798 1119 ζ

503 1109 603 1183 conse
629 1109 792 1179 ronalium
811 1107 1052 1202 redemptione.
1575 1154 1648 1198 ruin
1667 1075 1775 1220 expli-

554 1207 639 1276 Item
664 1201 825 1270 volumus
847 1198 981 1296 insuper
1006 1197 1199 1295 simpliciter
1217 1196 1313 1292 quod
1338 1193 1685 1283 Predicatoresmjmf,

501 1295 676 1401 sequentia
689 1294 751 1366 tria
765 1291 892 1388 punsla
905 1293 1035 1390 populo
1050 1294 1081 1364 in
1094 1292 1254 1364 omnibus
1272 1290 1339 1364 suis
1357 1289 1566 1362 sermonibus
1669 1320 1705 1380 ¹7

503 1388 710 1491 intelligibili
729 1411 814 1458 voce
832 1385 997 1458 insinuare
1014 1388 1147 1460 debent.
1578 1381 1665 1445 Nota
1681 1383 1773 1464 quod

554 1480 712 1555 Prrmum
729 1481 824 1644 ‹puod
841 1481 972 1553 Christi
990 1481 1104 1554 fideles
1123 1478 1345 1576 indulgentias
1367 1478 1564 1574 hujusmodi
1578 1465 1761 1547 predicato·

502 1575 665 1681 consequi
692 1601 738 1647 vo
752 1592 843 1646 entes
861 1599 904 1647 ex
923 1574 1092 1647 honestate
1120 1577 1175 1646 seu
1197 1572 1379 1646 devotione
1403 1594 1562 1669 poterunt
1576 1566 1626 1642 ‘9⁵
1640 1546 1774 1642 sequen-

504 1693 570 1765 pro
594 1673 648 1745 die
663 1666 873 1743 conseffionis
887 1668 943 1739 sue
950 1669 1110 1765 jejunare.
1136 1670 1173 1741 ὃ(
1192 1668 1299 1738 statim
1317 1668 1419 1739 altera
1436 1668 1490 1739 die
1512 1668 1560 1739 se·
1571 1644 1617 1776 {3¹}
1636 1648 1794 1780 {ffafissuff

532 1767 622 1837 uenti
639 1788 698 1861 per
710 1786 827 1835 manus
839 1761 888 1833 sui
931 1761 1048 1833 alloris
1064 1763 1190 1834 curati:
1217 1781 1277 1832 aut
1291 1760 1428 1833 alterius
1445 1761 1556 1834 idonci
1569 1796 1605 1858 lis
1618 1736 1774 1861 sesmoffi,

503 1787 735 1945 sacerdotis,in
748 1857 892 1928 ecclefiis
906 1787 972 1927 liris
986 1855 1262 1952 parrochialibus.
1278 1855 1332 1927 vel
1346 1854 1405 1926 ubi
1418 1855 1480 1926 sibi
1488 1881 1554 1927 ma·
1571 1874 1632 1941 bus
1648 1877 1792 1945 deciam.

503 1950 725 2050 gisplacuerit
738 1949 1173 2022 venerabilesacramentum
1184 1949 1558 2046 Eucharistierecipcre.
1573 1959 1656 2024 bunt
1675 1964 1705 2027 dt
1722 1962 1793 2028 insi·

553 2047 750 2119 Secundum
767 2044 994 2116 Predicatores
1007 2043 1041 2114 in
1054 2043 1193 2142 singulis
1209 2042 1420 2114 sermonibus
1437 2043 1561 2120 debent
1573 2041 1731 2111 vuabunt·

502 2137 750 2235 suspensionem
767 2139 923 2210 omniurn
946 2138 1258 2243 indulgentiarum,
1285 2135 1380 2209 dislo
1401 2136 1562 2212 oslennio
1679 2163 1696 2231 3

498 2235 645 2307 durante
672 2233 795 2306 sistam
821 2257 861 2305 ac
889 2230 1340 2329 prohibitionemomnium
1367 2231 1561 2328 questarum

502 2325 712 2400 fiendarum:
737 2327 886 2399 similiter
903 2326 996 2397 disto
1023 2327 1183 2399 oslennio
1203 2328 1366 2414 durante,
1384 2327 1563 2402 demanda·

502 2437 588 2505 tam,
660 2419 744 2513 pulo
762 2417 939 2490 efficaciter
951 2419 1162 2493 insinuare&
1175 2419 1345 2491 intimare:
1370 2443 1411 2490 ne
1428 2445 1563 2515 pretex-

489 2529 545 2582 tu
567 2445 855 2608 indblgentiarum
881 2509 976 2602 prius
993 2513 1222 2583 concessarum
1243 2536 1281 2582 ac
1297 2513 1493 2604 questarum
1508 2523 1560 2607 (a)

503 2604 595 2699 apud
606 2630 663 2678 eos
676 2602 748 2674 fieri
763 2601 947 2673 solitarum.
996 2602 1135 2676 resentes
1146 2601 1273 2674 nostras
1285 2604 1509 2704 indulgentias
1520 2635 1560 2683 ac

504 2698 669 2773 inauditas
679 2696 880 2794 apostolicas
891 2627 1063 2767 facultates
1076 2696 1223 2795 negligat
1234 2694 1290 2768 vel
1306 2719 1509 2774 contemnat.

554 2794 713 2865 Tertium
738 2791 966 2863 Predicatores
981 2813 1050 2862 non
1066 2791 1248 2862 obmittant
1264 2789 1298 2860 in
1316 2793 1476 2865 omnibus
1494 2794 1560 2867 suis

502 2883 714 2960 sermonibus
738 2885 913 2970 censuras,
935 2884 1161 2958 sententias&
1183 2907 1283 2981 penas
1300 2903 1416 2954 contra
1432 2886 1559 2960 diresle

504 2982 559 3053 vel
585 2981 763 3069 indirecle',
782 2979 1028 3068 inobedientes,
1048 2979 1235 3052 rebelles&
1249 2978 1462 3074 irnpeditores
1480 2981 1559 3054 latas

504 3073 664 3148 fidelibus
676 3072 853 3147 efficaciter
879 3074 1041 3145 intimare.
1064 3073 1221 3180 ipsosque
1241 3073 1364 3146 avisare
1376 3098 1418 3147 ne
1433 3099 1486 3147 eas
1509 3075 1560 3147 in·
1594 3133 1597 3140 f

503 3171 696 3242 currant&
716 3169 878 3241 incidant:
902 3193 943 3239 eo
963 3169 1057 3264 quod
1080 3168 1123 3240 ab
1142 3194 1189 3241 eis
1203 3193 1272 3239 non
1300 3167 1360 3240 nisi
1379 3194 1397 3240 a
1417 3169 1559 3243 domino

504 3263 621 3335 nostro
646 3265 746 3358 Papa.
768 3284 826 3336 aut
847 3263 945 3335 nobis
964 3264 1016 3336 vel
1040 3264 1162 3341 nostris
1184 3262 1559 3338 Subcommissariisab·

503 3355 589 3430 solvi
607 3357 756 3455 possunt.

553 3455 638 3525 ltem
651 3452 828 3524 statuimus
844 3453 937 3549 quod
958 3453 1185 3528 Predicatores
1203 3452 1237 3524 in
1252 3452 1320 3526 suis
1336 3451 1558 3528 sermonibus.
1627 3463 1663 3528 18
1705 3483 1723 3530 a

502 3547 539 3621 ὃ(
566 3547 784 3643 penitentiarii
802 3549 835 3619 in
848 3547 1095 3620 confessionum
1111 3549 1288 3621 audientia.
1311 3546 1469 3623 fidelibus
1482 3549 1555 3621 dili·
1571 3543 1764 3642 Causaeon-
1873 3604 1879 3613 .

526 3642 687 3715 entissime
699 3667 868 3738 exponere
878 3641 1013 3715 debent.
1053 3645 1280 3727 Predicatores
1297 3642 1330 3714 in
1344 3645 1461 3741 primis
1473 3645 1555 3718 osto
1567 3623 1783 3727 s²ffi0¹¹¹ll¹¹b

501 3665 713 3810 sermonibus
725 3737 904 3810 continue:
921 3739 959 3809 ὃ(
970 3737 1003 3808 in
1019 3735 1230 3833 postfuturis
1245 3738 1275 3809 se
1302 3738 1363 3811 ius.
1412 3740 1550 3813 Conses-
1564 3731 1616 3793 ΨΒ
1628 3730 1741 3798 smne·

503 3829 591 3904 sores
609 3855 722 3923 autern
741 3829 870 3930 semper
883 3834 924 3905 ad
941 3831 1091 3929 singulos
1108 3832 1168 3904 fibi
1195 3857 1259 3905 con
1289 3853 1404 3907 tentes.
1422 3836 1557 3908 caulam

503 3925 730 3999 necessariam:
747 3931 823 4024 'qua
836 3925 1054 4000 stnsliffimus
1076 3928 1243 4001 dominus
1255 3927 1368 4000 noster
1385 3951 1499 4004 motus
1510 3931 1558 4004 est

806 4084 810 4090 .
1025 4023 1068 4094 M
1094 4067 1108 4076 ·-
1511 4047 1558 4097 ta·

505 4152 508 4158 ·
549 4119 595 4202 (a)
622 4121 889 4210 Qesta‚dicitur
910 4128 1560 4217 tributumquodexigitur,quaritur,
1577 4126 1709 4215 petitur.
1763 4135 1767 4147 ·
