4884 5042
1242 506 1257 595 (
1271 499 1348 589 ω.)

996 694 1166 768 'Si‘monia
1181 693 1240 766 hic
1259 693 1424 768 defletur.
1445 694 1518 771 &c

692 825 778 899 Nec
796 822 870 896 ulla
886 816 1082 911 Beneficia,
1107 826 1173 893 wie
1190 822 1272 894 harh
1291 826 1358 895 wie
1375 827 1446 895 viel
1462 825 1521 895 der
1529 822 1631 919 seyn,

692 923 800 994 Hanc
819 919 1004 1016 complent
1022 920 1229 1008 avaritiam,
1254 943 1287 992 es
1306 919 1400 1016 musz
1419 923 1582 1015 vielrnehr
1598 925 1722 996 hercin-²

696 1021 756 1091 Sic
777 1019 869 1089 duna
886 1015 1074 1112 spiritalia,
1100 1019 1170 1089 und
1186 1019 1252 1088 alle
1271 1019 1488 1109 Sacrament,

694 1117 788 1188 Sunt
806 1117 928 1194 omnia
943 1114 1102 1206 venalia,
1127 1116 1191 1186 ach
1209 1115 1310 1208 Gott,
1338 1118 1493 1188 nimand
1508 1118 1569 1189 das
1587 1119 1697 1190 werd.

695 1240 794 1312 Nam
815 1239 899 1310 latas
919 1237 1157 1409 indulfentias
1171 1241 1246 1336 gibt
1265 1264 1343 1313 man
1359 1245 1395 1312 in
1413 1244 1480 1315 alle
1500 1243 1620 1335 Welt,

569 1429 579 1438 .
695 1338 745 1410 Et
763 1335 865 1409 causa
887 1359 959 1408 non
978 1337 1014 1409 di
1032 1335 1192 1431 entitur,
1217 1361 1295 1410 man
1304 1340 1422 1436 [reget
1441 1364 1506 1414 nur
1521 1343 1606 1413 nach
1625 1341 1721 1413 Gerr.

698 1436 753 1507 Sit
773 1434 970 1531 reprobus,
995 1434 1253 1531 impoenitens,
1278 1439 1343 1509 wil
1358 1463 1394 1509 er
1412 1464 1476 1512 nur
1493 1441 1640 1536 Pfennr‘g
1655 1441 1767 1535 geben.

696 1531 776 1604 Etsi
797 1531 891 1604 foret
910 1532 1111 1625 Diabolus,
1137 1559 1174 1606 er
1191 1534 1273 1628 must
1290 1537 1341 1607 ins
1359 1562 1447 1634 ewge
1466 1540 1588 1611 Leherr.

697 1659 890 1751 Quantum
908 1662 985 1758 quis
1005 1661 1128 1733 Deum
1147 1659 1300 1754 raserit,
1325 1664 1393 1738 kar
1410 1655 1686 1761 leichr‘vergeben
1703 1665 1868 1760 werden,

699 1758 778 1850 Qri
797 1782 882 1831 vero
901 1760 956 1832 vel
976 1759 1140 1856 tetigerit
1165 1763 1224 1834 der
1242 1763 1362 1836 Hchen
1380 1764 1520 1854 einans
1531 1765 1669 1855 Erden,

700 1856 798 1926 Mox
819 1858 973 1931 traditur
993 1858 1176 1949 Diabolo,
1202 1863 1325 1933 kommt
1343 1866 1395 1931 nie
1412 1886 1461 1932 zu
1480 1862 1621 1932 Gnade»
1635 1881 1702 1947 arr,

698 1952 785 2026 Nisi
806 1958 948 2051 grandis
969 1958 1122 2053 pecunia
1145 1960 1205 2029 ihn
1222 1961 1302 2030 noch
1320 1956 1500 2048 vrrsohnen
1516 1958 1593 2024 kar.

699 2079 815 2152 Nunc
834 2081 1044 2151 sacramenta
1062 2078 1260 2163 dirimunt,
1287 2077 1340 2142 die
1359 2075 1442 2143 Gott
1456 2072 1552 2167 selbst
1570 2073 1632 2143 hat
1645 2076 1813 2167 gemeldt‚¹

699 2177 871 2269 Votaque
889 2173 980 2266 saepe
998 2165 1184 2261 diffipant,
1207 2192 1273 2263 gar
1290 2190 1346 2238 um
1362 2171 1415 2243 ein
1424 2168 1583 2264 schardes
1596 2171 1684 2264 grid.-

702 2275 763 2347 Sic
783 2272 908 2343 anima:
930 2264 1156 2361 periclitant,
1183 2269 1237 2338 dr'e
1254 2269 1379 2338 meinen
1397 2291 1430 2338 es
1439 2266 1678 2362 seyschlecht,

701 2373 797 2445 Cum
818 2387 936 2438 totum
958 2364 1058 2435 Deus
1078 2363 1225 2456 irritat,
1251 2366 1290 2458 ist
1308 2365 1416 2436 wider
1435 2366 1518 2437 Gerr
1536 2364 1604 2435 und
1621 2362 1745 2436 Rechr.

697 2493 872 2566 Vendunt
893 2492 930 2566 ὅ(
950 2487 1215 2588 praesidentiae,
1242 2513 1320 2562 man
1330 2491 1420 2584 steht
1438 2494 1513 2566 keirr
1531 2491 1692 2586 G’wrffin
1709 2514 1756 2567 an

699 2593 791 2665 Non
811 2615 950 2682 mores,
977 2612 1050 2662 non
1070 2586 1276 2680 scientiam,
1303 2589 1340 2662 oh
1359 2595 1449 2664 einer
1463 2589 1621 2688 gmegsam
1638 2592 1727 2684 ken,

546 2775 549 2780 ,
699 2690 770 2764 Sed
789 2688 902 2771 solum
921 2689 1045 2781 favor,
1070 2711 1241 2778 munera,
1266 2688 1303 2759 oh
1322 2693 1411 2763 einer
1428 2694 1500 2764 viel
1516 2694 1579 2764 wil
1590 2691 1715 2786 gehen,

700 2790 738 2866 Si
762 2787 804 2863 fit
823 2786 1111 2880 inhabiliffimus,
1138 2814 1174 2861 er
1191 2786 1284 2859 wire
1301 2788 1381 2860 bald
1397 2791 1490 2862 recht
1509 2791 1683 2862 anderen.

701 2922 757 2995 Sit
778 2919 924 2992 fimonia
943 2914 1099 3005 Gehasr,
1124 2917 1233 2987 nichts
1250 2916 1350 3010 heilig
1366 2914 1407 3006 ist
1423 2918 1494 3010 huf
1504 2918 1643 3006 Erderr‚

683 3018 799 3089 vHaec
820 3041 941 3085 ornnes
956 3019 1029 3106 jam
1050 3011 1247 3080 sarreiificat
1272 3011 1324 3082 die
1341 3039 1408 3084 nrm
1425 3015 1602 3090 Praelaren
1618 3015 1772 3106 werden,

701 3114 823 3204 Quam
844 3113 980 3178 summo
1000 3103 1127 3177 colunt
1146 3104 1287 3200 studio,
1310 3114 1473 3207 gerhoch
1492 3119 1528 3186 in
1541 3117 1678 3214 groffem
1697 3115 1839 3202 Schcin,

702 3209 779 3296 Qui
801 3207 890 3272 hanc
911 3202 1019 3287 vellet
1038 3227 1209 3306 arguere,
1234 3209 1293 3279 der
1307 3210 1389 3306 must
1407 3216 1460 3284 ein
1478 3211 1711 3310 Ketzerseyn.

596 3409 598 3415 ,
702 3328 836 3403 Adhuc
855 3327 1147 3406 terribiliffimum
1173 3336 1235 3410 dar
1249 3340 1425 3433 gleichwol
1441 3340 1521 3412 doch
1535 3340 1732 3436 geschicht,¹

702 3429 847 3526 Corpus
866 3425 1002 3504 Christi
1022 3432 1059 3508 ὃς
1077 3431 1283 3533 sanguinem
1310 3441 1449 3529 manfic
1465 3434 1781 3528 verkaefferrficht,

702 3530 740 3602 Ο
756 3527 838 3622 Jesu
857 3529 1147 3622 clementiffime,
1171 3557 1246 3605 was
1262 3535 1395 3605 werden
1405 3537 1456 3628 ste
1472 3535 1552 3606 noch
1570 3532 1731 3601 macher!

703 3628 825 3703 Corda
844 3632 924 3728 pia,
950 3631 1037 3705 dum
1055 3625 1227 3718 audiunt,
1252 3632 1399 3703 mochten
1416 3635 1461 3702 im
1478 3624 1770 3702 Lrih'erkrachen.

702 3758 820 3836 Nunc
837 3762 915 3861 lupi
933 3754 1143 3833 mercenarii
1160 3756 1242 3852 find
1257 3760 1366 3847 leyder
1383 3759 1475 3833 mehr
1492 3757 1563 3831 und
1577 3754 1671 3827 mehr

702 3860 790 3934 Heu
808 3885 880 3933 non
900 3881 963 3951 per
982 3853 1195 3948 Christum,
1218 3851 1373 3947 ostium,
1398 3856 1502 3929 durch
1520 3854 1596 3927 Gar
1606 3859 1656 3947 fir
1674 3854 1820 3927 kimmen
1836 3853 1919 3927 her:

702 3958 847 4030 Idcirco
865 3974 1013 4048 gregem
1033 3950 1231 4044 devorant,
1255 3955 1381 4043 Haar,
1408 3950 1542 4046 While,
1569 3951 1696 4048 Fler'sch
1715 3956 1784 4025 und
1798 3954 1907 4044 Bein,

701 4054 829 4149 thue
846 4048 1020 4124 dederunt
1036 4069 1201 4148 reparant
1211 4101 1231 4143 ‚,
1250 4051 1319 4124 und
1333 4074 1407 4123 was
1425 4053 1506 4125 noch
1524 4054 1618 4129 mehr
1636 4077 1711 4151 mag
1719 4052 1814 4148 steyn.

1870 4162 1968 4237 Non
