<?xml version="1.0" encoding="UTF-8"?>
<!DOCTYPE html PUBLIC "-//W3C//DTD XHTML 1.0 Transitional//EN"
    "http://www.w3.org/TR/xhtml1/DTD/xhtml1-transitional.dtd">
<html xmlns="http://www.w3.org/1999/xhtml" xml:lang="en" lang="en">
 <head>
  <title>
</title>
<meta http-equiv="Content-Type" content="text/html;charset=utf-8" />
  <meta name='ocr-system' content='tesseract 3.04.00' />
  <meta name='ocr-capabilities' content='ocr_page ocr_carea ocr_par ocr_line ocrx_word'/>
</head>
<body>
  <div class='ocr_page' id='page_1' title='image "./introductioinhi00gerdgoog/introductioinhi00gerdgoog_0406.png"; bbox 0 0 4884 5042; ppageno 0'>
   <div class='ocr_carea' id='block_1_1' title="bbox 1235 551 1346 652">
    <p class='ocr_par' dir='ltr' id='par_1_1' title="bbox 1235 551 1346 652">
     <span class='ocr_line' id='line_1_1' title="bbox 1235 551 1346 652; baseline -0.063 0"><span class='ocrx_word' id='word_1_1' title='bbox 1235 551 1346 652; x_wconf 54' lang='lat' dir='ltr'><strong>(w)</strong></span> 
     </span>
    </p>
   </div>
   <div class='ocr_carea' id='block_1_2' title="bbox 548 687 1993 2054">
    <p class='ocr_par' dir='ltr' id='par_1_2' title="bbox 639 687 1955 1188">
     <span class='ocr_line' id='line_1_2' title="bbox 639 687 1955 868; baseline 0.002 -91"><span class='ocrx_word' id='word_1_2' title='bbox 639 696 678 782; x_wconf 75' lang='lat' dir='ltr'><strong>a</strong></span> <span class='ocrx_word' id='word_1_3' title='bbox 707 702 901 804; x_wconf 79' lang='lat' dir='ltr'><strong>Episcopi,</strong></span> <span class='ocrx_word' id='word_1_4' title='bbox 936 718 1014 775; x_wconf 83' lang='lat' dir='ltr'><strong>turn</strong></span> <span class='ocrx_word' id='word_1_5' title='bbox 1036 696 1228 868; x_wconf 82' lang='lat' dir='ltr'><strong>praecipue</strong></span> <span class='ocrx_word' id='word_1_6' title='bbox 1251 697 1515 771; x_wconf 80' lang='lat' dir='ltr'><strong>Maximilianus</strong></span> <span class='ocrx_word' id='word_1_7' title='bbox 1534 687 1676 791; x_wconf 83' lang='lat' dir='ltr'><strong>Caesat,</strong></span> <span class='ocrx_word' id='word_1_8' title='bbox 1709 700 1811 797; x_wconf 88' lang='lat' dir='ltr'><strong>cujus</strong></span> <span class='ocrx_word' id='word_1_9' title='bbox 1830 699 1955 781; x_wconf 77' lang='lat' dir='ltr'><strong>senec-</strong></span> 
     </span>
     <span class='ocr_line' id='line_1_3' title="bbox 639 792 1955 900; baseline 0 -23"><span class='ocrx_word' id='word_1_10' title='bbox 639 821 699 879; x_wconf 89' lang='lat' dir='ltr'><strong>tus</strong></span> <span class='ocrx_word' id='word_1_11' title='bbox 726 823 784 876; x_wconf 95' lang='lat' dir='ltr'><strong>tot</strong></span> <span class='ocrx_word' id='word_1_12' title='bbox 805 805 881 900; x_wconf 87' lang='lat' dir='ltr'><strong>jam</strong></span> <span class='ocrx_word' id='word_1_13' title='bbox 908 799 1009 872; x_wconf 91' lang='lat' dir='ltr'><strong>bellis</strong></span> <span class='ocrx_word' id='word_1_14' title='bbox 1052 793 1140 887; x_wconf 87' lang='lat' dir='ltr'><strong>essa,</strong></span> <span class='ocrx_word' id='word_1_15' title='bbox 1174 796 1211 866; x_wconf 90' lang='lat' dir='ltr'><strong>in</strong></span> <span class='ocrx_word' id='word_1_16' title='bbox 1239 795 1336 890; x_wconf 83' lang='lat' dir='ltr'><strong>pacis</strong></span> <span class='ocrx_word' id='word_1_17' title='bbox 1361 792 1495 866; x_wconf 90' lang='lat' dir='ltr'><strong>artibus</strong></span> <span class='ocrx_word' id='word_1_18' title='bbox 1523 795 1684 869; x_wconf 86' lang='lat' dir='ltr'><strong>decrevit</strong></span> <span class='ocrx_word' id='word_1_19' title='bbox 1706 801 1955 897; x_wconf 84' lang='lat' dir='ltr'>acquiescere,</span> 
     </span>
     <span class='ocr_line' id='line_1_4' title="bbox 641 889 1954 996; baseline 0 -23"><span class='ocrx_word' id='word_1_20' title='bbox 641 901 738 996; x_wconf 91' lang='lat' dir='ltr'><strong>quod</strong></span> <span class='ocrx_word' id='word_1_21' title='bbox 768 899 872 972; x_wconf 83' lang='lat' dir='ltr'><strong>simul</strong></span> <span class='ocrx_word' id='word_1_22' title='bbox 900 901 937 973; x_wconf 72' lang='grc' dir='ltr'><strong>δε</strong></span> <span class='ocrx_word' id='word_1_23' title='bbox 956 891 1064 992; x_wconf 83' lang='lat' dir='ltr'><strong>ipsius</strong></span> <span class='ocrx_word' id='word_1_24' title='bbox 1083 893 1182 964; x_wconf 87' lang='lat' dir='ltr'><strong>aetati</strong></span> <span class='ocrx_word' id='word_1_25' title='bbox 1201 891 1316 989; x_wconf 90' lang='lat' dir='ltr'><strong>magis</strong></span> <span class='ocrx_word' id='word_1_26' title='bbox 1333 889 1441 962; x_wconf 90' lang='lat' dir='ltr'><strong>suerit</strong></span> <span class='ocrx_word' id='word_1_27' title='bbox 1460 891 1654 985; x_wconf 87' lang='lat' dir='ltr'><strong>decorum,</strong></span> <span class='ocrx_word' id='word_1_28' title='bbox 1682 895 1720 969; x_wconf 68' lang='grc' dir='ltr'><strong>ὃ(</strong></span> <span class='ocrx_word' id='word_1_29' title='bbox 1740 897 1819 967; x_wconf 84' lang='lat' dir='ltr'><strong>orbi</strong></span> <span class='ocrx_word' id='word_1_30' title='bbox 1839 901 1954 973; x_wconf 89' lang='lat' dir='ltr'><strong>Chri·</strong></span> 
     </span>
     <span class='ocr_line' id='line_1_5' title="bbox 640 988 1954 1091; baseline -0.001 -19"><span class='ocrx_word' id='word_1_31' title='bbox 640 997 754 1072; x_wconf 77' lang='lat' dir='ltr'><strong>stiano</strong></span> <span class='ocrx_word' id='word_1_32' title='bbox 782 997 932 1069; x_wconf 84' lang='lat' dir='ltr'><strong>felicius.</strong></span> <span class='ocrx_word' id='word_1_33' title='bbox 976 993 1122 1064; x_wconf 89' lang='lat' dir='ltr'><strong>Horum</strong></span> <span class='ocrx_word' id='word_1_34' title='bbox 1142 989 1257 1086; x_wconf 90' lang='lat' dir='ltr'><strong>igitur</strong></span> <span class='ocrx_word' id='word_1_35' title='bbox 1274 989 1398 1085; x_wconf 88' lang='lat' dir='ltr'><strong>pietati</strong></span> <span class='ocrx_word' id='word_1_36' title='bbox 1417 988 1611 1083; x_wconf 87' lang='lat' dir='ltr'>debemus,</span> <span class='ocrx_word' id='word_1_37' title='bbox 1637 993 1735 1088; x_wconf 90' lang='lat' dir='ltr'><strong>quod</strong></span> <span class='ocrx_word' id='word_1_38' title='bbox 1754 993 1873 1091; x_wconf 84' lang='lat' dir='ltr'><strong>passim</strong></span> <span class='ocrx_word' id='word_1_39' title='bbox 1893 1001 1954 1070; x_wconf 90' lang='lat' dir='ltr'><strong>vi·</strong></span> 
     </span>
     <span class='ocr_line' id='line_1_6' title="bbox 641 1087 1955 1188; baseline -0.004 -19"><span class='ocrx_word' id='word_1_40' title='bbox 641 1096 788 1186; x_wconf 87' lang='lat' dir='ltr'><strong>demus,</strong></span> <span class='ocrx_word' id='word_1_41' title='bbox 813 1119 881 1166; x_wconf 88' lang='lat' dir='ltr'><strong>ceu</strong></span> <span class='ocrx_word' id='word_1_42' title='bbox 901 1089 1002 1188; x_wconf 84' lang='lat' dir='ltr'><strong>signo</strong></span> <span class='ocrx_word' id='word_1_43' title='bbox 1021 1088 1127 1180; x_wconf 90' lang='lat' dir='ltr'><strong>dato,</strong></span> <span class='ocrx_word' id='word_1_44' title='bbox 1150 1087 1325 1178; x_wconf 87' lang='lat' dir='ltr'><strong>excitari,</strong></span> <span class='ocrx_word' id='word_1_45' title='bbox 1350 1088 1514 1184; x_wconf 81' lang='lat' dir='ltr'>erigique</span> <span class='ocrx_word' id='word_1_46' title='bbox 1530 1089 1702 1186; x_wconf 86' lang='lat' dir='ltr'><strong>praeclara</strong></span> <span class='ocrx_word' id='word_1_47' title='bbox 1719 1093 1884 1188; x_wconf 90' lang='lat' dir='ltr'><strong>ingenia,</strong></span> <span class='ocrx_word' id='word_1_48' title='bbox 1911 1098 1955 1173; x_wconf 84' lang='lat'>&amp;</span> 
     </span>
    </p>

    <p class='ocr_par' dir='ltr' id='par_1_3' title="bbox 548 1183 1993 2054">
     <span class='ocr_line' id='line_1_7' title="bbox 639 1183 1993 1287; baseline 0.001 -22"><span class='ocrx_word' id='word_1_49' title='bbox 639 1193 683 1265; x_wconf 90' lang='lat' dir='ltr'><strong>ad</strong></span> <span class='ocrx_word' id='word_1_50' title='bbox 701 1189 930 1266; x_wconf 84' lang='lat' dir='ltr'><strong>restituendas</strong></span> <span class='ocrx_word' id='word_1_51' title='bbox 948 1187 1102 1285; x_wconf 90' lang='lat' dir='ltr'><strong>optimas</strong></span> <span class='ocrx_word' id='word_1_52' title='bbox 1121 1186 1261 1275; x_wconf 83' lang='lat' dir='ltr'><strong>literas,</strong></span> <span class='ocrx_word' id='word_1_53' title='bbox 1288 1185 1382 1256; x_wconf 87' lang='lat' dir='ltr'><strong>inter</strong></span> <span class='ocrx_word' id='word_1_54' title='bbox 1397 1183 1465 1258; x_wconf 91' lang='lat' dir='ltr'><strong>sese</strong></span> <span class='ocrx_word' id='word_1_55' title='bbox 1483 1185 1696 1284; x_wconf 85' lang='lat' dir='ltr'><strong>conspirare.</strong></span> <span class='ocrx_word' id='word_1_56' title='bbox 1732 1189 1835 1287; x_wconf 78' lang='lat' dir='ltr'><strong>Quid</strong></span> <span class='ocrx_word' id='word_1_57' title='bbox 1853 1194 1955 1270; x_wconf 89' lang='lat' dir='ltr'><strong>enim</strong></span> <span class='ocrx_word' id='word_1_58' title='bbox 1987 1232 1993 1236; x_wconf 96' lang='lat'>·</span> 
     </span>
     <span class='ocr_line' id='line_1_8' title="bbox 589 1281 1956 1388; baseline -0.001 -26"><span class='ocrx_word' id='word_1_59' title='bbox 589 1298 592 1304; x_wconf 83' lang='lat'>&#39;</span> <span class='ocrx_word' id='word_1_60' title='bbox 638 1289 694 1362; x_wconf 85' lang='lat' dir='ltr'><strong>est</strong></span> <span class='ocrx_word' id='word_1_61' title='bbox 712 1288 829 1378; x_wconf 91' lang='lat' dir='ltr'><strong>aliud,</strong></span> <span class='ocrx_word' id='word_1_62' title='bbox 855 1285 952 1384; x_wconf 88' lang='lat' dir='ltr'><strong>quod</strong></span> <span class='ocrx_word' id='word_1_63' title='bbox 972 1306 1042 1356; x_wconf 91' lang='lat' dir='ltr'><strong>tam</strong></span> <span class='ocrx_word' id='word_1_64' title='bbox 1062 1283 1168 1356; x_wconf 90' lang='lat' dir='ltr'><strong>multi</strong></span> <span class='ocrx_word' id='word_1_65' title='bbox 1184 1281 1408 1361; x_wconf 81' lang='lat' dir='ltr'><strong>eruditissimi</strong></span> <span class='ocrx_word' id='word_1_66' title='bbox 1427 1283 1517 1375; x_wconf 85' lang='lat' dir='ltr'><strong>viri,</strong></span> <span class='ocrx_word' id='word_1_67' title='bbox 1535 1286 1678 1358; x_wconf 85' lang='lat' dir='ltr'><strong>aliunde</strong></span> <span class='ocrx_word' id='word_1_68' title='bbox 1696 1287 1807 1382; x_wconf 90' lang='lat' dir='ltr'><strong>alius,</strong></span> <span class='ocrx_word' id='word_1_69' title='bbox 1824 1314 1956 1388; x_wconf 76' lang='lat' dir='ltr'><strong>operas</strong></span> 
     </span>
     <span class='ocr_line' id='line_1_9' title="bbox 548 1380 1955 1483; baseline 0.004 -24"><span class='ocrx_word' id='word_1_70' title='bbox 548 1386 550 1388; x_wconf 70' lang='grc'><strong>’</strong></span> <span class='ocrx_word' id='word_1_71' title='bbox 607 1405 610 1411; x_wconf 87' lang='grc'>’</span> <span class='ocrx_word' id='word_1_72' title='bbox 640 1389 735 1459; x_wconf 87' lang='lat' dir='ltr'><strong>inter</strong></span> <span class='ocrx_word' id='word_1_73' title='bbox 760 1385 827 1459; x_wconf 88' lang='lat' dir='ltr'><strong>sese</strong></span> <span class='ocrx_word' id='word_1_74' title='bbox 851 1383 998 1483; x_wconf 87' lang='lat' dir='ltr'><strong>partiti,</strong></span> <span class='ocrx_word' id='word_1_75' title='bbox 1023 1405 1098 1454; x_wconf 89' lang='lat' dir='ltr'><strong>non</strong></span> <span class='ocrx_word' id='word_1_76' title='bbox 1114 1381 1246 1453; x_wconf 90' lang='lat' dir='ltr'><strong>acriter</strong></span> <span class='ocrx_word' id='word_1_77' title='bbox 1263 1380 1397 1472; x_wconf 90' lang='lat' dir='ltr'><strong>modo,</strong></span> <span class='ocrx_word' id='word_1_78' title='bbox 1427 1403 1551 1453; x_wconf 89' lang='lat' dir='ltr'><strong>verum</strong></span> <span class='ocrx_word' id='word_1_79' title='bbox 1571 1383 1651 1456; x_wconf 86' lang='lat' dir='ltr'><strong>satis</strong></span> <span class='ocrx_word' id='word_1_80' title='bbox 1669 1386 1776 1457; x_wconf 87' lang='lat' dir='ltr'><strong>etiarn</strong></span> <span class='ocrx_word' id='word_1_81' title='bbox 1796 1387 1955 1463; x_wconf 81' lang='lat' dir='ltr'><strong>feliciter</strong></span> 
     </span>
     <span class='ocr_line' id='line_1_10' title="bbox 639 1477 1953 1585; baseline 0.004 -29"><span class='ocrx_word' id='word_1_82' title='bbox 639 1484 926 1583; x_wconf 88' lang='lat' dir='ltr'><strong>pulcherrimum</strong></span> <span class='ocrx_word' id='word_1_83' title='bbox 954 1481 1023 1553; x_wconf 89' lang='lat' dir='ltr'><strong>hoc</strong></span> <span class='ocrx_word' id='word_1_84' title='bbox 1047 1479 1238 1576; x_wconf 86' lang='lat' dir='ltr'><strong>negotium</strong></span> <span class='ocrx_word' id='word_1_85' title='bbox 1263 1477 1544 1577; x_wconf 88' lang='lat' dir='ltr'><strong>aggrediuntur,</strong></span> <span class='ocrx_word' id='word_1_86' title='bbox 1577 1502 1621 1554; x_wconf 92' lang='lat' dir='ltr'><strong>ut</strong></span> <span class='ocrx_word' id='word_1_87' title='bbox 1646 1501 1743 1556; x_wconf 88' lang='lat' dir='ltr'><strong>certa</strong></span> <span class='ocrx_word' id='word_1_88' title='bbox 1765 1508 1856 1582; x_wconf 88' lang='lat' dir='ltr'><strong>pene</strong></span> <span class='ocrx_word' id='word_1_89' title='bbox 1872 1485 1953 1585; x_wconf 84' lang='lat' dir='ltr'><strong>spes</strong></span> 
     </span>
     <span class='ocr_line' id='line_1_11' title="bbox 642 1577 1956 1676; baseline 0.002 -21"><span class='ocrx_word' id='word_1_90' title='bbox 642 1580 709 1672; x_wconf 89' lang='lat' dir='ltr'><strong>sit,</strong></span> <span class='ocrx_word' id='word_1_91' title='bbox 744 1579 947 1676; x_wconf 88' lang='lat' dir='ltr'><strong>disciplinas</strong></span> <span class='ocrx_word' id='word_1_92' title='bbox 974 1601 1065 1676; x_wconf 91' lang='lat' dir='ltr'><strong>pene</strong></span> <span class='ocrx_word' id='word_1_93' title='bbox 1093 1601 1215 1650; x_wconf 89' lang='lat' dir='ltr'><strong>omnes</strong></span> <span class='ocrx_word' id='word_1_94' title='bbox 1240 1577 1359 1652; x_wconf 88' lang='lat' dir='ltr'><strong>multo</strong></span> <span class='ocrx_word' id='word_1_95' title='bbox 1384 1581 1611 1676; x_wconf 84' lang='lat' dir='ltr'><strong>purgatiores</strong></span> <span class='ocrx_word' id='word_1_96' title='bbox 1629 1605 1670 1654; x_wconf 86' lang='lat' dir='ltr'><strong>ac</strong></span> <span class='ocrx_word' id='word_1_97' title='bbox 1688 1580 1894 1657; x_wconf 89' lang='lat' dir='ltr'><strong>finceriores</strong></span> <span class='ocrx_word' id='word_1_98' title='bbox 1915 1586 1956 1659; x_wconf 87' lang='lat' dir='ltr'><strong>itt</strong></span> 
     </span>
     <span class='ocr_line' id='line_1_12' title="bbox 625 1676 1956 1777; baseline 0.003 -25"><span class='ocrx_word' id='word_1_99' title='bbox 625 1680 761 1765; x_wconf 23' lang='lat' dir='ltr'><strong>,lucem</strong></span> <span class='ocrx_word' id='word_1_100' title='bbox 798 1677 1013 1775; x_wconf 91' lang='lat' dir='ltr'><strong>prodit-uras.</strong></span> <span class='ocrx_word' id='word_1_101' title='bbox 1067 1676 1228 1750; x_wconf 89' lang='lat' dir='ltr'><strong>Primum</strong></span> <span class='ocrx_word' id='word_1_102' title='bbox 1253 1677 1353 1751; x_wconf 85' lang='lat' dir='ltr'><strong>enim</strong></span> <span class='ocrx_word' id='word_1_103' title='bbox 1382 1677 1571 1774; x_wconf 82' lang='lat' dir='ltr'><strong>politiores</strong></span> <span class='ocrx_word' id='word_1_104' title='bbox 1597 1677 1716 1753; x_wconf 86' lang='lat' dir='ltr'><strong>literas</strong></span> <span class='ocrx_word' id='word_1_105' title='bbox 1742 1682 1881 1777; x_wconf 88' lang='lat' dir='ltr'><strong>pridem</strong></span> <span class='ocrx_word' id='word_1_106' title='bbox 1908 1683 1956 1756; x_wconf 91' lang='lat' dir='ltr'><strong>ad</strong></span> 
     </span>
     <span class='ocr_line' id='line_1_13' title="bbox 640 1773 1956 1878; baseline 0.007 -29"><span class='ocrx_word' id='word_1_107' title='bbox 640 1777 923 1850; x_wconf 86' lang='lat' dir='ltr'><strong>internecionem</strong></span> <span class='ocrx_word' id='word_1_108' title='bbox 952 1798 1042 1872; x_wconf 88' lang='lat' dir='ltr'><strong>pene</strong></span> <span class='ocrx_word' id='word_1_109' title='bbox 1068 1773 1286 1870; x_wconf 75' lang='lat' dir='ltr'><strong>exstinctas,</strong></span> <span class='ocrx_word' id='word_1_110' title='bbox 1324 1775 1538 1874; x_wconf 85' lang='lat' dir='ltr'><strong>jamdudum</strong></span> <span class='ocrx_word' id='word_1_111' title='bbox 1568 1776 1606 1850; x_wconf 91' lang='lat'>&amp;</span> <span class='ocrx_word' id='word_1_112' title='bbox 1633 1780 1756 1870; x_wconf 80' lang='lat' dir='ltr'><strong>Stati,</strong></span> <span class='ocrx_word' id='word_1_113' title='bbox 1790 1782 1956 1878; x_wconf 77' lang='lat' dir='ltr'><strong>Danique</strong></span> 
     </span>
     <span class='ocr_line' id='line_1_14' title="bbox 641 1871 1957 1975; baseline 0.003 -26"><span class='ocrx_word' id='word_1_114' title='bbox 641 1875 681 1949; x_wconf 89' lang='lat'>&amp;</span> <span class='ocrx_word' id='word_1_115' title='bbox 707 1877 861 1962; x_wconf 82' lang='lat' dir='ltr'><strong>Hyberni</strong></span> <span class='ocrx_word' id='word_1_116' title='bbox 884 1873 1043 1966; x_wconf 86' lang='lat' dir='ltr'><strong>colunt,</strong></span> <span class='ocrx_word' id='word_1_117' title='bbox 1086 1871 1436 1971; x_wconf 70' lang='lat' dir='ltr'><strong>amplestunturque.</strong></span> <span class='ocrx_word' id='word_1_118' title='bbox 1479 1874 1703 1945; x_wconf 91' lang='lat' dir='ltr'><strong>Medicinam</strong></span> <span class='ocrx_word' id='word_1_119' title='bbox 1731 1899 1957 1975; x_wconf 88' lang='lat' dir='ltr'><strong>veroquam</strong></span> 
     </span>
     <span class='ocr_line' id='line_1_15' title="bbox 552 1969 1957 2054; baseline 0.003 -10"><span class='ocrx_word' id='word_1_120' title='bbox 552 1984 584 2007; x_wconf 56' lang='lat' dir='ltr'><em>s</em></span> <span class='ocrx_word' id='word_1_121' title='bbox 641 1972 749 2044; x_wconf 89' lang='lat' dir='ltr'><strong>multi</strong></span> <span class='ocrx_word' id='word_1_122' title='bbox 776 1971 987 2046; x_wconf 88' lang='lat' dir='ltr'><strong>vindicant?</strong></span> <span class='ocrx_word' id='word_1_123' title='bbox 1022 1974 1170 2045; x_wconf 88' lang='lat' dir='ltr'><strong>Romae.</strong></span> <span class='ocrx_word' id='word_1_124' title='bbox 1213 1971 1395 2043; x_wconf 83' lang='lat' dir='ltr'><strong>Nicolaus</strong></span> <span class='ocrx_word' id='word_1_125' title='bbox 1419 1972 1642 2054; x_wconf 82' lang='lat' dir='ltr'><strong>Leonicenus,</strong></span> <span class='ocrx_word' id='word_1_126' title='bbox 1675 1969 1845 2044; x_wconf 87' lang='lat' dir='ltr'><strong>Venetiae</strong></span> <span class='ocrx_word' id='word_1_127' title='bbox 1864 1981 1957 2048; x_wconf 84' lang='lat' dir='ltr'><strong>Am·</strong></span> 
     </span>
    </p>
   </div>
   <div class='ocr_carea' id='block_1_3' title="bbox 533 2062 1955 2255">
    <p class='ocr_par' dir='ltr' id='par_1_4' title="bbox 533 2062 1955 2255">
     <span class='ocr_line' id='line_1_16' title="bbox 533 2062 1955 2167; baseline -0.008 -25"><span class='ocrx_word' id='word_1_128' title='bbox 533 2139 538 2148; x_wconf 90' lang='grc'><strong>,</strong></span> <span class='ocrx_word' id='word_1_129' title='bbox 635 2070 764 2167; x_wconf 85' lang='lat' dir='ltr'><strong>brostus</strong></span> <span class='ocrx_word' id='word_1_130' title='bbox 789 2073 857 2145; x_wconf 84' lang='lat' dir='ltr'><strong>Leo</strong></span> <span class='ocrx_word' id='word_1_131' title='bbox 881 2062 1077 2159; x_wconf 83' lang='lat' dir='ltr'><strong>Nolanus,</strong></span> <span class='ocrx_word' id='word_1_132' title='bbox 1118 2066 1215 2158; x_wconf 86' lang='lat' dir='ltr'><strong>apud</strong></span> <span class='ocrx_word' id='word_1_133' title='bbox 1242 2065 1369 2134; x_wconf 83' lang='lat' dir='ltr'><strong>Gallos</strong></span> <span class='ocrx_word' id='word_1_134' title='bbox 1396 2065 1581 2132; x_wconf 75' lang='lat' dir='ltr'><strong>Gulielmus</strong></span> <span class='ocrx_word' id='word_1_135' title='bbox 1608 2064 1738 2158; x_wconf 82' lang='lat' dir='ltr'><strong>Caput,</strong></span> <span class='ocrx_word' id='word_1_136' title='bbox 1771 2091 1814 2138; x_wconf 90' lang='lat' dir='ltr'><strong>ac</strong></span> <span class='ocrx_word' id='word_1_137' title='bbox 1838 2071 1955 2160; x_wconf 80' lang='lat' dir='ltr'><strong>Joan.</strong></span> 
     </span>
     <span class='ocr_line' id='line_1_17' title="bbox 640 2151 1954 2255; baseline -0.002 -15"><span class='ocrx_word' id='word_1_138' title='bbox 640 2190 701 2240; x_wconf 89' lang='lat' dir='ltr'><strong>nes</strong></span> <span class='ocrx_word' id='word_1_139' title='bbox 728 2171 913 2249; x_wconf 76' lang='lat' dir='ltr'><strong>Ruelliu55</strong></span> <span class='ocrx_word' id='word_1_140' title='bbox 949 2159 1107 2255; x_wconf 86' lang='lat' dir='ltr'><strong>&amp;apud</strong></span> <span class='ocrx_word' id='word_1_141' title='bbox 1134 2157 1326 2226; x_wconf 87' lang='lat' dir='ltr'><strong>Britannos</strong></span> <span class='ocrx_word' id='word_1_142' title='bbox 1351 2151 1494 2227; x_wconf 78' lang='lat' dir='ltr'><strong>Thomas</strong></span> <span class='ocrx_word' id='word_1_143' title='bbox 1517 2158 1718 2246; x_wconf 58' lang='lat' dir='ltr'><strong>Lenaeus,</strong></span> <span class='ocrx_word' id='word_1_144' title='bbox 1753 2161 1819 2251; x_wconf 93' lang='lat' dir='ltr'><strong>Jus</strong></span> <span class='ocrx_word' id='word_1_145' title='bbox 1842 2167 1954 2237; x_wconf 89' lang='lat' dir='ltr'><strong>caesa-</strong></span> 
     </span>
    </p>
   </div>
   <div class='ocr_carea' id='block_1_4' title="bbox 549 2251 2020 4292">
    <p class='ocr_par' dir='ltr' id='par_1_5' title="bbox 586 2251 1959 2649">
     <span class='ocr_line' id='line_1_18' title="bbox 586 2251 1955 2356; baseline -0.001 -18"><span class='ocrx_word' id='word_1_146' title='bbox 586 2334 589 2338; x_wconf 11' lang='grc' dir='ltr'><em>Α</em></span> <span class='ocrx_word' id='word_1_147' title='bbox 639 2289 739 2338; x_wconf 86' lang='lat' dir='ltr'><strong>reum</strong></span> <span class='ocrx_word' id='word_1_148' title='bbox 775 2260 944 2333; x_wconf 84' lang='lat' dir='ltr'><strong>instaurat</strong></span> <span class='ocrx_word' id='word_1_149' title='bbox 980 2254 1141 2329; x_wconf 82' lang='lat' dir='ltr'><strong>Lutetiae</strong></span> <span class='ocrx_word' id='word_1_150' title='bbox 1177 2251 1361 2324; x_wconf 83' lang='lat' dir='ltr'><strong>Gulielmus</strong></span> <span class='ocrx_word' id='word_1_151' title='bbox 1394 2254 1572 2345; x_wconf 80' lang='lat' dir='ltr'><strong>Budaeus,</strong></span> <span class='ocrx_word' id='word_1_152' title='bbox 1616 2257 1720 2352; x_wconf 48' lang='lat' dir='ltr'><strong>apud&gt;</strong></span> <span class='ocrx_word' id='word_1_153' title='bbox 1747 2257 1955 2356; x_wconf 83' lang='lat' dir='ltr'><strong>Germanos</strong></span> 
     </span>
     <span class='ocr_line' id='line_1_19' title="bbox 642 2349 1958 2450; baseline -0.002 -16"><span class='ocrx_word' id='word_1_154' title='bbox 642 2363 823 2436; x_wconf 68' lang='lat' dir='ltr'><strong>udalricus</strong></span> <span class='ocrx_word' id='word_1_155' title='bbox 850 2357 995 2450; x_wconf 68' lang='lat' dir='ltr'><strong>Zoster,</strong></span> <span class='ocrx_word' id='word_1_156' title='bbox 1031 2349 1318 2424; x_wconf 87' lang='lat' dir='ltr'><strong>Mathematicen</strong></span> <span class='ocrx_word' id='word_1_157' title='bbox 1345 2350 1442 2446; x_wconf 88' lang='lat' dir='ltr'><strong>apud</strong></span> <span class='ocrx_word' id='word_1_158' title='bbox 1469 2349 1641 2425; x_wconf 80' lang='lat' dir='ltr'><strong>Basileam</strong></span> <span class='ocrx_word' id='word_1_159' title='bbox 1668 2355 1843 2431; x_wconf 67' lang='lat' dir='ltr'><strong>[senmur-</strong></span> <span class='ocrx_word' id='word_1_160' title='bbox 1866 2360 1958 2432; x_wconf 86' lang='lat' dir='ltr'><strong>Gla·</strong></span> 
     </span>
     <span class='ocr_line' id='line_1_20' title="bbox 637 2446 1958 2555; baseline 0 -23"><span class='ocrx_word' id='word_1_161' title='bbox 637 2482 771 2532; x_wconf 74' lang='lat' dir='ltr'><strong>nanus.</strong></span> <span class='ocrx_word' id='word_1_162' title='bbox 815 2455 929 2524; x_wconf 85' lang='lat' dir='ltr'><strong>Porro</strong></span> <span class='ocrx_word' id='word_1_163' title='bbox 955 2453 992 2522; x_wconf 92' lang='lat' dir='ltr'><strong>in</strong></span> <span class='ocrx_word' id='word_1_164' title='bbox 1017 2473 1054 2522; x_wconf 91' lang='lat' dir='ltr'><strong>re</strong></span> <span class='ocrx_word' id='word_1_165' title='bbox 1079 2446 1311 2543; x_wconf 87' lang='lat' dir='ltr'><strong>Theologica</strong></span> <span class='ocrx_word' id='word_1_166' title='bbox 1335 2447 1543 2542; x_wconf 87' lang='lat' dir='ltr'><strong>plusculum</strong></span> <span class='ocrx_word' id='word_1_167' title='bbox 1570 2468 1646 2523; x_wconf 87' lang='lat' dir='ltr'><strong>erat</strong></span> <span class='ocrx_word' id='word_1_168' title='bbox 1663 2473 1688 2522; x_wconf 92' lang='lat' dir='ltr'><strong>n</strong></span> <span class='ocrx_word' id='word_1_169' title='bbox 1737 2453 1828 2548; x_wconf 94' lang='lat' dir='ltr'><strong>otii,</strong></span> <span class='ocrx_word' id='word_1_170' title='bbox 1856 2458 1958 2555; x_wconf 87' lang='lat' dir='ltr'><strong>quod</strong></span> 
     </span>
     <span class='ocr_line' id='line_1_21' title="bbox 642 2541 1959 2649; baseline 0 -21"><span class='ocrx_word' id='word_1_171' title='bbox 642 2556 734 2628; x_wconf 85' lang='lat' dir='ltr'><strong>lianc</strong></span> <span class='ocrx_word' id='word_1_172' title='bbox 760 2549 835 2622; x_wconf 86' lang='lat' dir='ltr'><strong>fere</strong></span> <span class='ocrx_word' id='word_1_173' title='bbox 861 2545 1004 2646; x_wconf 83' lang='lat' dir='ltr'><strong>professi</strong></span> <span class='ocrx_word' id='word_1_174' title='bbox 1030 2545 1111 2620; x_wconf 92' lang='lat' dir='ltr'><strong>sunt</strong></span> <span class='ocrx_word' id='word_1_175' title='bbox 1136 2541 1329 2637; x_wconf 64' lang='lat' dir='ltr'><strong>haetenus,</strong></span> <span class='ocrx_word' id='word_1_176' title='bbox 1355 2544 1418 2643; x_wconf 93' lang='lat' dir='ltr'><strong>qui</strong></span> <span class='ocrx_word' id='word_1_177' title='bbox 1444 2546 1694 2623; x_wconf 85' lang='lat' dir='ltr'><strong>ameliotibus</strong></span> <span class='ocrx_word' id='word_1_178' title='bbox 1727 2552 1825 2626; x_wconf 83' lang='lat' dir='ltr'><strong>iteris</strong></span> <span class='ocrx_word' id='word_1_179' title='bbox 1841 2556 1959 2649; x_wconf 87' lang='lat' dir='ltr'><strong>perti·</strong></span> 
     </span>
    </p>

    <p class='ocr_par' dir='ltr' id='par_1_6' title="bbox 549 2641 1957 2847">
     <span class='ocr_line' id='line_1_22' title="bbox 549 2641 1957 2742; baseline 0.002 -16"><span class='ocrx_word' id='word_1_180' title='bbox 549 2712 553 2739; x_wconf 70' lang='lat'><strong>,</strong></span> <span class='ocrx_word' id='word_1_181' title='bbox 641 2647 818 2726; x_wconf 85' lang='lat' dir='ltr'><strong>naciffime</strong></span> <span class='ocrx_word' id='word_1_182' title='bbox 844 2647 961 2722; x_wconf 88' lang='lat' dir='ltr'><strong>solent</strong></span> <span class='ocrx_word' id='word_1_183' title='bbox 986 2644 1199 2738; x_wconf 89' lang='lat' dir='ltr'><strong>abhorrere,</strong></span> <span class='ocrx_word' id='word_1_184' title='bbox 1234 2643 1368 2742; x_wconf 86' lang='lat' dir='ltr'><strong>quique</strong></span> <span class='ocrx_word' id='word_1_185' title='bbox 1392 2641 1489 2718; x_wconf 90' lang='lat' dir='ltr'><strong>suam</strong></span> <span class='ocrx_word' id='word_1_186' title='bbox 1516 2644 1693 2721; x_wconf 88' lang='lat' dir='ltr'><strong>inscitiam</strong></span> <span class='ocrx_word' id='word_1_187' title='bbox 1722 2649 1794 2725; x_wconf 89' lang='lat' dir='ltr'><strong>hoc</strong></span> <span class='ocrx_word' id='word_1_188' title='bbox 1812 2650 1957 2731; x_wconf 83' lang='lat' dir='ltr'><strong>felicius</strong></span> 
     </span>
     <span class='ocr_line' id='line_1_23' title="bbox 639 2742 1957 2847; baseline 0.002 -23"><span class='ocrx_word' id='word_1_189' title='bbox 639 2768 811 2843; x_wconf 82' lang='lat' dir='ltr'><strong>tuentur,</strong></span> <span class='ocrx_word' id='word_1_190' title='bbox 847 2747 945 2847; x_wconf 90' lang='lat' dir='ltr'><strong>quod</strong></span> <span class='ocrx_word' id='word_1_191' title='bbox 972 2746 1008 2818; x_wconf 92' lang='lat' dir='ltr'><strong>id</strong></span> <span class='ocrx_word' id='word_1_192' title='bbox 1035 2742 1167 2817; x_wconf 76' lang='lat' dir='ltr'><strong>saciant</strong></span> <span class='ocrx_word' id='word_1_193' title='bbox 1191 2760 1375 2845; x_wconf 81' lang='lat' dir='ltr'><strong>praetextu</strong></span> <span class='ocrx_word' id='word_1_194' title='bbox 1400 2743 1565 2840; x_wconf 90' lang='lat' dir='ltr'><strong>pietatis,</strong></span> <span class='ocrx_word' id='word_1_195' title='bbox 1599 2765 1642 2821; x_wconf 90' lang='lat' dir='ltr'><strong>ut</strong></span> <span class='ocrx_word' id='word_1_196' title='bbox 1664 2745 1854 2825; x_wconf 63' lang='lat' dir='ltr'><strong>indodum</strong></span> <span class='ocrx_word' id='word_1_197' title='bbox 1871 2753 1957 2827; x_wconf 89' lang='lat' dir='ltr'><strong>vul·</strong></span> 
     </span>
    </p>

    <p class='ocr_par' dir='ltr' id='par_1_7' title="bbox 639 2840 1957 3338">
     <span class='ocr_line' id='line_1_24' title="bbox 670 2840 1957 2947; baseline 0.002 -23"><span class='ocrx_word' id='word_1_198' title='bbox 670 2873 732 2944; x_wconf 90' lang='lat' dir='ltr'><strong>us,</strong></span> <span class='ocrx_word' id='word_1_199' title='bbox 758 2848 802 2922; x_wconf 89' lang='lat' dir='ltr'><strong>ab</strong></span> <span class='ocrx_word' id='word_1_200' title='bbox 822 2847 876 2921; x_wconf 87' lang='lat' dir='ltr'><strong>his</strong></span> <span class='ocrx_word' id='word_1_201' title='bbox 894 2840 1093 2945; x_wconf 87' lang='lat' dir='ltr'><strong>persuasum</strong></span> <span class='ocrx_word' id='word_1_202' title='bbox 1112 2842 1235 2916; x_wconf 89' lang='lat' dir='ltr'><strong>credat</strong></span> <span class='ocrx_word' id='word_1_203' title='bbox 1253 2841 1466 2938; x_wconf 86' lang='lat' dir='ltr'><strong>religionem</strong></span> <span class='ocrx_word' id='word_1_204' title='bbox 1485 2844 1636 2939; x_wconf 82' lang='lat' dir='ltr'><strong>violari,</strong></span> <span class='ocrx_word' id='word_1_205' title='bbox 1664 2844 1689 2918; x_wconf 79' lang='lat' dir='ltr'>fi</span> <span class='ocrx_word' id='word_1_206' title='bbox 1709 2850 1789 2947; x_wconf 87' lang='lat' dir='ltr'><strong>quis</strong></span> <span class='ocrx_word' id='word_1_207' title='bbox 1808 2850 1957 2927; x_wconf 89' lang='lat' dir='ltr'><strong>illorum</strong></span> 
     </span>
     <span class='ocr_line' id='line_1_25' title="bbox 639 2872 1957 3046; baseline 0.003 -25"><span class='ocrx_word' id='word_1_208' title='bbox 639 2872 839 3023; x_wconf 65' lang='lat' dir='ltr'><strong>sarbariern</strong></span> <span class='ocrx_word' id='word_1_209' title='bbox 866 2947 1023 3042; x_wconf 87' lang='lat' dir='ltr'><strong>coeperit</strong></span> <span class='ocrx_word' id='word_1_210' title='bbox 1050 2941 1229 3015; x_wconf 81' lang='lat' dir='ltr'><strong>incessere.</strong></span> <span class='ocrx_word' id='word_1_211' title='bbox 1274 2937 1374 3011; x_wconf 89' lang='lat' dir='ltr'><strong>Nam</strong></span> <span class='ocrx_word' id='word_1_212' title='bbox 1401 2939 1457 3012; x_wconf 91' lang='lat' dir='ltr'><strong>isti</strong></span> <span class='ocrx_word' id='word_1_213' title='bbox 1484 2943 1579 3042; x_wconf 90' lang='lat' dir='ltr'><strong>apud</strong></span> <span class='ocrx_word' id='word_1_214' title='bbox 1606 2945 1811 3042; x_wconf 87' lang='lat' dir='ltr'><strong>imperitam</strong></span> <span class='ocrx_word' id='word_1_215' title='bbox 1829 2947 1957 3046; x_wconf 87' lang='lat' dir='ltr'><strong>plebe·</strong></span> 
     </span>
     <span class='ocr_line' id='line_1_26' title="bbox 642 3036 1957 3142; baseline 0.002 -23"><span class='ocrx_word' id='word_1_216' title='bbox 642 3049 761 3119; x_wconf 84' lang='lat' dir='ltr'><strong>culam</strong></span> <span class='ocrx_word' id='word_1_217' title='bbox 789 3038 1009 3140; x_wconf 86' lang='lat' dir='ltr'><strong>potissimum</strong></span> <span class='ocrx_word' id='word_1_218' title='bbox 1034 3038 1149 3109; x_wconf 88' lang='lat' dir='ltr'><strong>solent</strong></span> <span class='ocrx_word' id='word_1_219' title='bbox 1175 3036 1359 3129; x_wconf 91' lang='lat' dir='ltr'><strong>quiritari,</strong></span> <span class='ocrx_word' id='word_1_220' title='bbox 1385 3036 1493 3112; x_wconf 86' lang='lat' dir='ltr'><strong>&amp;ad</strong></span> <span class='ocrx_word' id='word_1_221' title='bbox 1520 3040 1654 3139; x_wconf 76' lang='lat' dir='ltr'><strong>lapides</strong></span> <span class='ocrx_word' id='word_1_222' title='bbox 1677 3067 1901 3142; x_wconf 86' lang='lat' dir='ltr'><strong>provocare,</strong></span> <span class='ocrx_word' id='word_1_223' title='bbox 1929 3045 1957 3120; x_wconf 87' lang='lat' dir='ltr'>fi</span> 
     </span>
     <span class='ocr_line' id='line_1_27' title="bbox 645 3131 1957 3242; baseline 0.001 -27"><span class='ocrx_word' id='word_1_224' title='bbox 645 3142 848 3236; x_wconf 88' lang='lat' dir='ltr'><strong>periculum</strong></span> <span class='ocrx_word' id='word_1_225' title='bbox 866 3136 1045 3221; x_wconf 87' lang='lat' dir='ltr'><strong>viderint,</strong></span> <span class='ocrx_word' id='word_1_226' title='bbox 1069 3132 1221 3231; x_wconf 86' lang='lat' dir='ltr'><strong>nequid</strong></span> <span class='ocrx_word' id='word_1_227' title='bbox 1240 3131 1384 3209; x_wconf 78' lang='lat' dir='ltr'><strong>nescisse</strong></span> <span class='ocrx_word' id='word_1_228' title='bbox 1401 3136 1603 3231; x_wconf 87' lang='lat' dir='ltr'><strong>videantur.</strong></span> <span class='ocrx_word' id='word_1_229' title='bbox 1629 3139 1957 3242; x_wconf 89' lang='lat' dir='ltr'><strong>Verumhocquo·</strong></span> 
     </span>
     <span class='ocr_line' id='line_1_28' title="bbox 641 3225 1957 3338; baseline 0.004 -30"><span class='ocrx_word' id='word_1_230' title='bbox 641 3229 969 3334; x_wconf 83' lang='lat' dir='ltr'><strong>que&#39;successurum</strong></span> <span class='ocrx_word' id='word_1_231' title='bbox 989 3225 1159 3325; x_wconf 87' lang='lat' dir='ltr'><strong>confido,</strong></span> <span class='ocrx_word' id='word_1_232' title='bbox 1180 3231 1205 3304; x_wconf 86' lang='lat' dir='ltr'><strong>si</strong></span> <span class='ocrx_word' id='word_1_233' title='bbox 1223 3233 1333 3322; x_wconf 90' lang='lat' dir='ltr'><strong>trium</strong></span> <span class='ocrx_word' id='word_1_234' title='bbox 1352 3235 1556 3334; x_wconf 90' lang='lat' dir='ltr'><strong>linguarum</strong></span> <span class='ocrx_word' id='word_1_235' title='bbox 1575 3241 1741 3337; x_wconf 89' lang='lat' dir='ltr'><strong>cognitio</strong></span> <span class='ocrx_word' id='word_1_236' title='bbox 1755 3242 1957 3338; x_wconf 86' lang='lat' dir='ltr'><strong>publicitus</strong></span> 
     </span>
    </p>

    <p class='ocr_par' dir='ltr' id='par_1_8' title="bbox 643 3327 1956 3434">
     <span class='ocr_line' id='line_1_29' title="bbox 643 3327 1956 3434; baseline 0.002 -31"><span class='ocrx_word' id='word_1_237' title='bbox 643 3334 682 3404; x_wconf 89' lang='lat' dir='ltr'><strong>in</strong></span> <span class='ocrx_word' id='word_1_238' title='bbox 708 3327 867 3421; x_wconf 82' lang='lat' dir='ltr'><strong>scholas,</strong></span> <span class='ocrx_word' id='word_1_239' title='bbox 901 3327 952 3401; x_wconf 88' lang='lat' dir='ltr'><strong>ita</strong></span> <span class='ocrx_word' id='word_1_240' title='bbox 976 3348 1018 3402; x_wconf 91' lang='lat' dir='ltr'><strong>ut</strong></span> <span class='ocrx_word' id='word_1_241' title='bbox 1034 3330 1177 3427; x_wconf 89' lang='lat' dir='ltr'><strong>coepit,</strong></span> <span class='ocrx_word' id='word_1_242' title='bbox 1204 3332 1316 3431; x_wconf 90' lang='lat' dir='ltr'><strong>recipi</strong></span> <span class='ocrx_word' id='word_1_243' title='bbox 1335 3354 1475 3432; x_wconf 89' lang='lat' dir='ltr'><strong>pergat.</strong></span> <span class='ocrx_word' id='word_1_244' title='bbox 1518 3336 1619 3409; x_wconf 89' lang='lat' dir='ltr'><strong>Nam</strong></span> <span class='ocrx_word' id='word_1_245' title='bbox 1638 3335 1801 3434; x_wconf 88' lang='lat' dir='ltr'><strong>&amp;hujus</strong></span> <span class='ocrx_word' id='word_1_246' title='bbox 1819 3333 1956 3407; x_wconf 87' lang='lat' dir='ltr'><strong>ordinis</strong></span> 
     </span>
    </p>

    <p class='ocr_par' dir='ltr' id='par_1_9' title="bbox 643 3425 1954 3529">
     <span class='ocr_line' id='line_1_30' title="bbox 643 3425 1954 3529; baseline 0.001 -27"><span class='ocrx_word' id='word_1_247' title='bbox 643 3427 707 3525; x_wconf 87' lang='lat' dir='ltr'><strong>qui</strong></span> <span class='ocrx_word' id='word_1_248' title='bbox 733 3425 919 3501; x_wconf 74' lang='lat' dir='ltr'><strong>doctissimi</strong></span> <span class='ocrx_word' id='word_1_249' title='bbox 938 3426 1040 3525; x_wconf 93' lang='lat' dir='ltr'><strong>sunt,</strong></span> <span class='ocrx_word' id='word_1_250' title='bbox 1066 3430 1288 3528; x_wconf 91' lang='lat' dir='ltr'><strong>minimeque</strong></span> <span class='ocrx_word' id='word_1_251' title='bbox 1305 3431 1475 3527; x_wconf 89' lang='lat' dir='ltr'><strong>maligni,</strong></span> <span class='ocrx_word' id='word_1_252' title='bbox 1501 3434 1633 3529; x_wconf 87' lang='lat' dir='ltr'><strong>partim</strong></span> <span class='ocrx_word' id='word_1_253' title='bbox 1652 3425 1844 3526; x_wconf 85' lang='lat' dir='ltr'><strong>adjuvant,</strong></span> <span class='ocrx_word' id='word_1_254' title='bbox 1870 3453 1954 3525; x_wconf 91' lang='lat' dir='ltr'><strong>par·</strong></span> 
     </span>
    </p>

    <p class='ocr_par' dir='ltr' id='par_1_10' title="bbox 610 3526 2020 3729">
     <span class='ocr_line' id='line_1_31' title="bbox 610 3526 1954 3624; baseline -0.001 -23"><span class='ocrx_word' id='word_1_255' title='bbox 610 3620 612 3623; x_wconf 15' lang='grc' dir='ltr'>Ι</span> <span class='ocrx_word' id='word_1_256' title='bbox 643 3528 712 3602; x_wconf 91' lang='lat' dir='ltr'><strong>tim</strong></span> <span class='ocrx_word' id='word_1_257' title='bbox 738 3526 860 3601; x_wconf 89' lang='lat' dir='ltr'><strong>favent</strong></span> <span class='ocrx_word' id='word_1_258' title='bbox 887 3527 971 3604; x_wconf 88' lang='lat' dir='ltr'><strong>huic</strong></span> <span class='ocrx_word' id='word_1_259' title='bbox 997 3528 1185 3606; x_wconf 87' lang='lat' dir='ltr'><strong>instituto:</strong></span> <span class='ocrx_word' id='word_1_260' title='bbox 1238 3553 1287 3600; x_wconf 92' lang='lat' dir='ltr'><strong>uo</strong></span> <span class='ocrx_word' id='word_1_261' title='bbox 1305 3528 1451 3620; x_wconf 89' lang='lat' dir='ltr'><strong>quidem</strong></span> <span class='ocrx_word' id='word_1_262' title='bbox 1470 3529 1507 3599; x_wconf 92' lang='lat' dir='ltr'><strong>in</strong></span> <span class='ocrx_word' id='word_1_263' title='bbox 1524 3528 1674 3624; x_wconf 85' lang='lat' dir='ltr'><strong>negotio</strong></span> <span class='ocrx_word' id='word_1_264' title='bbox 1691 3543 1827 3622; x_wconf 82' lang='lat' dir='ltr'><strong>praeter</strong></span> <span class='ocrx_word' id='word_1_265' title='bbox 1843 3527 1954 3623; x_wconf 87' lang='lat' dir='ltr'><strong>alios,</strong></span> 
     </span>
     <span class='ocr_line' id='line_1_32' title="bbox 645 3553 2020 3729; baseline 0 -29"><span class='ocrx_word' id='word_1_266' title='bbox 645 3651 718 3700; x_wconf 88' lang='lat' dir='ltr'><strong>non</strong></span> <span class='ocrx_word' id='word_1_267' title='bbox 738 3626 951 3703; x_wconf 84' lang='lat' dir='ltr'><strong>instrenuam</strong></span> <span class='ocrx_word' id='word_1_268' title='bbox 972 3652 1117 3729; x_wconf 84' lang='lat' dir='ltr'><strong>operam</strong></span> <span class='ocrx_word' id='word_1_269' title='bbox 1134 3553 1464 3720; x_wconf 63' lang='lat' dir='ltr'><strong>praesititJacobus</strong></span> <span class='ocrx_word' id='word_1_270' title='bbox 1473 3625 1582 3699; x_wconf 85' lang='lat' dir='ltr'><strong>Faber</strong></span> <span class='ocrx_word' id='word_1_271' title='bbox 1591 3621 1827 3720; x_wconf 80' lang='lat' dir='ltr'><strong>Stapulenfis,</strong></span> <span class='ocrx_word' id='word_1_272' title='bbox 1844 3648 1954 3723; x_wconf 90' lang='lat' dir='ltr'><strong>quem</strong></span> <span class='ocrx_word' id='word_1_273' title='bbox 2018 3723 2020 3726; x_wconf 11' lang='lat' dir='ltr'>y</span> 
     </span>
    </p>

    <p class='ocr_par' dir='ltr' id='par_1_11' title="bbox 582 3717 1955 3828">
     <span class='ocr_line' id='line_1_33' title="bbox 582 3717 1955 3828; baseline -0.001 -28"><span class='ocrx_word' id='word_1_274' title='bbox 582 3725 584 3732; x_wconf 80' lang='lat'>&#39;</span> <span class='ocrx_word' id='word_1_275' title='bbox 645 3746 687 3800; x_wconf 90' lang='lat' dir='ltr'><strong>tu</strong></span> <span class='ocrx_word' id='word_1_276' title='bbox 716 3746 768 3802; x_wconf 45' lang='lat' dir='ltr'><strong>ut&gt;</strong></span> <span class='ocrx_word' id='word_1_277' title='bbox 785 3748 1056 3828; x_wconf 87' lang='lat' dir='ltr'><strong>eognomento,</strong></span> <span class='ocrx_word' id='word_1_278' title='bbox 1091 3723 1143 3794; x_wconf 92' lang='lat' dir='ltr'><strong>ita</strong></span> <span class='ocrx_word' id='word_1_279' title='bbox 1166 3719 1347 3818; x_wconf 86' lang='lat' dir='ltr'><strong>plerisque</strong></span> <span class='ocrx_word' id='word_1_280' title='bbox 1373 3720 1518 3794; x_wconf 89' lang='lat' dir='ltr'><strong>dotibus</strong></span> <span class='ocrx_word' id='word_1_281' title='bbox 1543 3717 1663 3792; x_wconf 87' lang='lat' dir='ltr'><strong>refers.</strong></span> <span class='ocrx_word' id='word_1_282' title='bbox 1708 3720 1792 3795; x_wconf 93' lang='lat' dir='ltr'><strong>Nos</strong></span> <span class='ocrx_word' id='word_1_283' title='bbox 1820 3745 1955 3819; x_wconf 91' lang='lat' dir='ltr'><strong>porro,</strong></span> 
     </span>
    </p>

    <p class='ocr_par' dir='ltr' id='par_1_12' title="bbox 610 3813 1955 4216">
     <span class='ocr_line' id='line_1_34' title="bbox 610 3813 1955 3926; baseline -0.002 -26"><span class='ocrx_word' id='word_1_284' title='bbox 610 3866 615 3875; x_wconf 92' lang='lat'><em>·</em></span> <span class='ocrx_word' id='word_1_285' title='bbox 645 3824 736 3902; x_wconf 85' lang='lat' dir='ltr'><strong>sicut</strong></span> <span class='ocrx_word' id='word_1_286' title='bbox 763 3852 826 3926; x_wconf 90' lang='lat' dir='ltr'><strong>par</strong></span> <span class='ocrx_word' id='word_1_287' title='bbox 851 3826 924 3919; x_wconf 89' lang='lat' dir='ltr'><strong>est,</strong></span> <span class='ocrx_word' id='word_1_288' title='bbox 958 3821 1118 3896; x_wconf 86' lang='lat' dir='ltr'><strong>infimam</strong></span> <span class='ocrx_word' id='word_1_289' title='bbox 1144 3820 1252 3916; x_wconf 86' lang='lat' dir='ltr'><strong>hujus</strong></span> <span class='ocrx_word' id='word_1_290' title='bbox 1277 3820 1395 3917; x_wconf 86' lang='lat' dir='ltr'><strong>operis</strong></span> <span class='ocrx_word' id='word_1_291' title='bbox 1421 3837 1557 3916; x_wconf 87' lang='lat' dir='ltr'><strong>partem</strong></span> <span class='ocrx_word' id='word_1_292' title='bbox 1585 3813 1726 3913; x_wconf 89' lang='lat' dir='ltr'><strong>sortiti,</strong></span> <span class='ocrx_word' id='word_1_293' title='bbox 1756 3844 1799 3893; x_wconf 89' lang='lat' dir='ltr'><strong>an</strong></span> <span class='ocrx_word' id='word_1_294' title='bbox 1818 3822 1955 3922; x_wconf 88' lang='lat' dir='ltr'><strong>aliquid</strong></span> 
     </span>
     <span class='ocr_line' id='line_1_35' title="bbox 641 3914 1955 4019; baseline -0.002 -20"><span class='ocrx_word' id='word_1_295' title='bbox 641 3927 924 4015; x_wconf 83' lang='lat' dir='ltr'><strong>contulerimus,</strong></span> <span class='ocrx_word' id='word_1_296' title='bbox 944 3919 1086 4003; x_wconf 83' lang='lat' dir='ltr'><strong>nescio;</strong></span> <span class='ocrx_word' id='word_1_297' title='bbox 1115 3918 1226 3993; x_wconf 82' lang='lat' dir='ltr'><strong>Certe</strong></span> <span class='ocrx_word' id='word_1_298' title='bbox 1242 3915 1306 4007; x_wconf 90' lang='lat' dir='ltr'><strong>iis,</strong></span> <span class='ocrx_word' id='word_1_299' title='bbox 1325 3919 1387 4012; x_wconf 89' lang='lat' dir='ltr'><strong>qui</strong></span> <span class='ocrx_word' id='word_1_300' title='bbox 1406 3916 1525 3990; x_wconf 91' lang='lat' dir='ltr'><strong>nolint</strong></span> <span class='ocrx_word' id='word_1_301' title='bbox 1539 3914 1713 3990; x_wconf 90' lang='lat' dir='ltr'><strong>mundum</strong></span> <span class='ocrx_word' id='word_1_302' title='bbox 1729 3918 1955 4019; x_wconf 87' lang='lat' dir='ltr'><strong>refipiscere,</strong></span> 
     </span>
     <span class='ocr_line' id='line_1_36' title="bbox 643 4011 1955 4113; baseline 0 -19"><span class='ocrx_word' id='word_1_303' title='bbox 643 4023 695 4094; x_wconf 84' lang='lat' dir='ltr'><strong>stc</strong></span> <span class='ocrx_word' id='word_1_304' title='bbox 722 4022 942 4098; x_wconf 88' lang='lat' dir='ltr'><strong>stomachum</strong></span> <span class='ocrx_word' id='word_1_305' title='bbox 970 4015 1184 4110; x_wconf 84' lang='lat' dir='ltr'><strong>movimus,</strong></span> <span class='ocrx_word' id='word_1_306' title='bbox 1208 4011 1304 4111; x_wconf 87' lang='lat' dir='ltr'><strong>quasi</strong></span> <span class='ocrx_word' id='word_1_307' title='bbox 1332 4013 1450 4086; x_wconf 88' lang='lat' dir='ltr'><strong>nostra</strong></span> <span class='ocrx_word' id='word_1_308' title='bbox 1474 4038 1619 4113; x_wconf 89' lang='lat' dir='ltr'><strong>quoque</strong></span> <span class='ocrx_word' id='word_1_309' title='bbox 1646 4016 1855 4094; x_wconf 85' lang='lat' dir='ltr'><strong>industriosa</strong></span> <span class='ocrx_word' id='word_1_310' title='bbox 1873 4046 1955 4094; x_wconf 90' lang='lat' dir='ltr'><strong>mo·</strong></span> 
     </span>
     <span class='ocr_line' id='line_1_37' title="bbox 644 4110 1955 4216; baseline 0.003 -24"><span class='ocrx_word' id='word_1_311' title='bbox 644 4126 759 4199; x_wconf 83' lang='lat' dir='ltr'><strong>menti</strong></span> <span class='ocrx_word' id='word_1_312' title='bbox 784 4115 950 4203; x_wconf 73' lang='lat' dir='ltr'><strong>nonnihil</strong></span> <span class='ocrx_word' id='word_1_313' title='bbox 977 4110 1168 4200; x_wconf 70' lang='lat' dir='ltr'><strong>attulisset:</strong></span> <span class='ocrx_word' id='word_1_314' title='bbox 1204 4134 1406 4211; x_wconf 86' lang='lat' dir='ltr'><strong>quanquam</strong></span> <span class='ocrx_word' id='word_1_315' title='bbox 1432 4113 1524 4186; x_wconf 88' lang='lat' dir='ltr'><strong>mihi</strong></span> <span class='ocrx_word' id='word_1_316' title='bbox 1549 4112 1695 4216; x_wconf 87' lang='lat' dir='ltr'><strong>quidem</strong></span> <span class='ocrx_word' id='word_1_317' title='bbox 1722 4142 1796 4196; x_wconf 88' lang='lat' dir='ltr'><strong>non</strong></span> <span class='ocrx_word' id='word_1_318' title='bbox 1821 4121 1889 4194; x_wconf 91' lang='lat' dir='ltr'><strong>hac</strong></span> <span class='ocrx_word' id='word_1_319' title='bbox 1907 4122 1955 4196; x_wconf 85' lang='lat' dir='ltr'><strong>fi-</strong></span> 
     </span>
    </p>

    <p class='ocr_par' dir='ltr' id='par_1_13' title="bbox 1848 4216 1955 4292">
     <span class='ocr_line' id='line_1_38' title="bbox 1848 4216 1955 4292; baseline -0.028 0"><span class='ocrx_word' id='word_1_320' title='bbox 1848 4216 1955 4292; x_wconf 88' lang='lat' dir='ltr'><strong>ducia</strong></span> 
     </span>
    </p>
   </div>
   <div class='ocr_carea' id='block_1_5' title="bbox 0 0 2456 5042">
    <p class='ocr_par' dir='ltr' id='par_1_14' title="bbox 0 0 2456 5042">
     <span class='ocr_line' id='line_1_39' title="bbox 0 0 2456 5042; baseline 0 0"><span class='ocrx_word' id='word_1_321' title='bbox 0 0 2456 5042; x_wconf 95' lang='lat' dir='ltr'><strong> </strong></span> 
     </span>
    </p>
   </div>
  </div>
 </body>
</html>
