4884 5042
1163 558 1273 653 (rt)

569 691 660 787 ell‘e,
683 711 744 767 aut
762 692 799 764 in
816 712 904 791 agro
922 684 1188 763 considendum.
1212 695 1439 770 Recrearunt
1456 724 1513 776 me
1530 708 1683 783 mulium
1704 707 1862 809 collegaa

570 816 649 878 rum
677 792 837 880 laborer,
871 789 1024 859 maxime
1049 786 1108 857 ille
1132 811 1230 859 meur
1248 791 1466 886 gubernator
1484 800 1519 872 ἃ
1538 810 1705 915 magiller
1722 810 1864 909 operit,

570 893 632 963 cui
658 913 751 963 eram
777 884 985 985 adjurans,
1020 883 1057 955 8<
1083 884 1189 954 etiam
1216 883 1406 982 languidus
1428 889 1630 988 aliquandiu
1655 907 1809 1000 perduro
1828 908 1864 981 in

569 986 714 1081 labore,
740 985 871 1058 faciens
890 999 1062 1082 quantum
1082 981 1205 1078 potui:
1233 979 1371 1054 Verum
1391 982 1471 1078 poll
1488 996 1657 1083 pauculo.
1673 1002 1747 1075 dm
1760 1004 1866 1077 min.

570 1107 658 1175 eor,
690 1106 806 1181 neque
830 1082 927 1174 scio,
961 1096 1103 1176 aquo,
1138 1095 1199 1150 aut
1222 1077 1429 1173 quomodo,
1455 1081 1490 1152 in
1508 1084 1648 1181 cubile,
1674 1100 1710 1167 ht
1725 1122 1868 1196 repono

569 1204 629 1252 me
654 1181 697 1252 ad
723 1178 893 1253 leihulum
921 1177 1022 1252 lullus
1041 1178 1078 1248 ὃ(
1097 1192 1269 1272 aegrotus.
1314 1175 1485 1273 Dumque
1503 1175 1552 1251 lic
1566 1180 1692 1292 jaceo,
1716 1190 1753 1265 δι
1772 1193 1868 1267 diffi.

570 1280 688 1351 culter
711 1277 815 1349 traho
840 1275 1029 1372 spiritum,
1063 1275 1205 1345 intueor
1223 1267 1347 1368 peimi
1364 1293 1505 1368 meum,
1532 1274 1583 1347 ibr
1601 1276 1707 1352 rideo
1724 1306 1868 1363 ornnem

571 1399 714 1449 earnem
741 1395 855 1448 meam
878 1374 928 1444 ita
945 1370 1190 1469 ablumptam,
1215 1390 1257 1441 ut
1275 1369 1314 1440 in
1333 1387 1415 1442 toto
1434 1395 1586 1467 corpore
1605 1375 1696 1449 nihil
1714 1376 1797 1453 ell'et
1815 1404 1869 1457 re·

570 1472 733 1571 liquum‚
768 1493 873 1569 quam
900 1468 964 1541 luh
990 1467 1086 1540 arida
1112 1486 1195 1540 cute
1217 1464 1339 1539 misere
1358 1465 1576 1542 cohaerentia
1594 1468 1676 1547 olla.
1720 1475 1872 1554 Animus

570 1593 658 1648 ¹vero
676 1595 740 1665 per
757 1569 877 1642 omnia
895 1563 1018 1638 firmus
1037 1583 1132 1657 erat,
1153 1562 1240 1658 nisi,
1258 1562 1355 1661 quod
1374 1585 1443 1660 pro
1461 1565 1527 1638 hac
1544 1589 1615 1639 una
1632 1591 1670 1641 re
1685 1569 1786 1645 valde
1804 1569 1871 1649 sol·

570 1665 693 1740 licitus
718 1672 835 1756 eram3
870 1687 915 1736 ne
940 1663 1084 1760 optimo
1101 1660 1349 1757 patrifamilias·
1360 1661 1552 1758 quicquam
1571 1685 1765 1743 remaneret
1782 1669 1819 1743 in
1836 1694 1872 1745 a·

600 1788 641 1836 ro
668 1786 741 1835 non
768 1761 990 1854 demellum,
1023 1779 1105 1833 ante
1131 1760 1332 1833 venientem
1361 1759 1537 1855 hyemem.
1580 1759 1754 1865 Dumque
1777 1789 1874 1843 nune

569 1785 839 1955 {llicirudinffi
871 1878 970 1932 ‘nunc
996 1855 1085 1956 spe,
1119 1854 1368 1955 memetipsum
1395 1875 1457 1930 aut
1483 1855 1631 1954 affligo,
1664 1863 1798 1936 anteri
1828 1889 1874 1961 o,

569 1957 657 2030 astat
683 1956 804 2030 subito·
829 1956 889 2029 ille
914 1979 1014 2030 meus
1039 1956 1209 2030 liberator
1233 1978 1278 2027 cx
1305 1957 1449 2029 heremo
1466 1951 1525 2027 sco
1553 1953 1720 2050 ulmum,
1745 1884 1875 2038 <rufior

570 2053 803 2130 fideliliimua.
829 2054 917 2128 Erat
934 2073 1018 2128 cum
1037 2077 1083 2127 eo
1091 2052 1187 2126 alius
1200 2054 1369 2151 quidam,
1388 1976 1876 2149 Apostolicohabituucvul·

570 2169 634 2249 tu,
660 2174 701 2228 ut
719 2153 834 2228 solent
852 2153 1002 2252 pingere
1020 2150 1200 2225 Andream
1220 2171 1281 2224 aut
1298 2149 1524 2248 Philippum.
1554 2149 1612 2223 lbi
1631 2148 1760 2226 duetor
1778 2176 1876 2231 meut

570 2274 630 2324 me
647 2252 863 2326 multum&
876 2251 1042 2350 jucundo
1059 2250 1188 2343 vultu,
1206 2249 1244 2325 ὃ(
1255 2248 1359 2322 hilari
1368 2271 1460 2323 voce
1469 2245 1728 2324 consolabatur.
1755 2249 1876 2324 Dum·

572 2370 643 2443 que
667 2347 771 2419 illum
796 2366 935 2420 attente
959 2349 1089 2441 audin,
1116 2348 1223 2422 video
1250 2348 1443 2446 imaginem
1466 2345 1634 2421 crucifixi
1653 2346 1788 2422 Christi
1800 2370 1818 2442 ,·
1840 2349 1878 2425 in

572 2462 679 2538 quen
699 2438 886 2537 conjestus
904 2444 1037 2514 lucram
1053 2445 1090 2514 in
1107 2443 1244 2517 fontem
1260 2443 1406 2519 reelaex
1417 2444 1562 2520 adverso
1573 2443 1678 2540 lteri,
1697 2445 1733 2521 in
1742 2447 1877 2544 pariete

572 2535 715 2615 affixam
733 2536 855 2610 eadem
873 2535 1011 2633 specie,
1029 2535 1086 2609 sed
1093 2538 1245 2705 prorsus
1261 2539 1395 2615 diversa
1408 2544 1591 2639 qualitate.
1620 2544 1721 2620 Nam
1732 2543 1878 2620 insonte

573 2635 863 2724 ridebaturlcaro
881 2635 998 2708 omnis
1018 2633 1091 2707 luci
1118 2656 1157 2705 a:
1185 2633 1243 2707 lbi
1262 2655 1349 2707 vero
1366 2639 1535 2714 memhris
1553 2643 1877 2719 omnibusexarue·

573 2753 651 2826 rat,
675 2752 718 2808 ut
744 2734 864 2806 omnia
882 2729 954 2805 olla
972 2732 1008 2806 ὃ(
1028 2728 1187 2804 membra
1205 2727 1312 2802 facile
1328 2728 1541 2811 dinumerari
1559 2736 1719 2839 pollent,
1747 2743 1784 2820 &
1802 2758 1877 2818 erat

573 2831 715 2931 prorsus
733 2827 840 2904 tristis
850 2827 1020 2928 alpeerua.
1038 2826 1161 2901 Video
1171 2827 1301 2900 iterum
1313 2824 1436 2922 peelur
1446 2848 1588 2929 merim,
1608 2840 1705 2937 qnod
1718 2838 1879 2917 limilitet

573 2930 665 3003 nihil
681 2928 777 3004 aliud
794 2949 892 3022 erat,
910 2951 1015 3025 quam
1034 2922 1108 2999 olla
1123 2925 1352 3017 velatacute‚
1371 2925 1571 3001 &veneriae
1582 2934 1762 3013 rrthehem
1774 2937 1876 3039 spiri·

573 3046 653 3100 tum
665 3051 741 3124 prae
752 3026 980 3122 aegritudine.
1000 3022 1618 3120 IbiPaulusille‚duirmeus,digito
1631 3031 1742 3126 pulsnt
1754 3034 1878 3138 peeiur

574 3147 718 3217 meum,
733 3123 861 3196 deinde
880 3119 1388 3221 porresto.indice&dextera
1396 3120 1440 3193 ad
1450 3119 1659 3217 Christum,
1677 3146 1720 3203 ex
1732 3136 1878 3213 fldpefso

572 3240 655 3295 ante
672 3244 730 3294 me
748 3218 905 3319 politum
923 3222 974 3296 ita
990 3220 1033 3294 ad
1052 3243 1111 3294 me
1127 3220 1267 3315 inquit:
1287 3221 1381 3293 Huic
1396 3234 1521 3314 oportet
1535 3235 1568 3292 te
1579 3218 1773 3312 conformem
1782 3236 1877 3329 storf,

625 3320 684 3394 Ex
712 3318 784 3393 hoc
809 3317 1003 3413 contestu,
1029 3319 1068 3394 &
1095 3315 1160 3390 ista
1183 3313 1546 3409 commonstratione,
1573 3315 1611 3388 ht
1628 3313 1799 3400 sententie
1815 3346 1879 3409 uu.
1943 3326 1946 3335 “

574 3416 670 3509 dira,
704 3416 864 3515 evigilo,
898 3416 1106 3516 &disparet
1123 3416 1241 3490 omnis
1257 3414 1371 3507 visro',
1396 3414 1598 3513 relinquens
1618 3412 1654 3484 in
1671 3415 1791 3491 animo
1808 3424 1878 3499 ml..

573 3517 700 3590 nabiles
726 3516 996 3613 cogitationes,
1039 3515 1125 3613 quid
1152 3509 1216 3587 ista
1244 3513 1309 3587 fibi
1334 3513 1482 3586 vellent.
1528 3511 1664 3609 Neque
1689 3534 1775 3587 cum
1801 3518 1878 3595 ullo

573 3613 755 3689 monacho
782 3612 945 3687 volebam
972 3619 1128 3710 unquam
1156 3612 1291 3710 aliquid
1316 3611 1502 3703 conferre,
1536 3632 1597 3683 aut
1623 3606 1806 3707 differem,
1835 3639 1880 3691 ne

573 3736 632 3786 me
657 3712 855 3787 irriderent.
899 3709 1101 3787 Certillrme
1125 3712 1218 3783 enim
1239 3708 1429 3782 videbatur
1446 3708 1582 3807 aliquid
1600 3713 1722 3809 magni
1742 3709 1879 3810 fignifi-

574 3833 667 3884 care.
710 3812 811 3882 Deus
836 3811 955 3884 meus!
984 3834 1089 3910 quam
1111 3808 1233 3882 stultas
1251 3809 1289 3881 &
1308 3804 1448 3904 prorsus
1467 3807 1595 3881 alienas
1612 3809 1879 3908 interpretatio·

573 3928 634 3978 nes
649 3907 738 3979 mihi
758 3907 818 3980 hic
835 3907 918 3982 feci.
953 3908 1100 3981 Vastam
1119 3906 1303 3980 heremum
1322 3903 1577 4002 scopulorum,
1603 3909 1638 3980 in
1656 3907 1785 4005 quibus
1802 3909 1878 3982 hae·

573 3999 704 4095 seram,
721 4005 977 4099 interpretabar
994 4004 1182 4081 secularem
1203 4028 1318 4078 meam
1336 4000 1533 4078 anteaiiam
1552 4006 1675 4077 vitam.
1703 4004 1885 4080 Eduelioe

574 4119 678 4192 nem,
697 4098 867 4175 faciebam
879 4104 1090 4201 religionem
1102 4101 1440 4272 Francirlcanorum,
1461 4100 1632 4195 Messem,
1651 4100 1878 4218 frustusreli-

1229 4223 1236 4252 ¹
1796 4226 1879 4304 gro·
