4884 5042
1227 573 1243 665 l
1258 574 1363 670 152·)

663 724 741 798 odei
761 722 871 820 {trusit
896 719 991 818 atqtte
1017 719 1189 792 reverenda
1215 724 1292 819 leget
1315 744 1416 789 omnes
1433 720 1522 811 fint,
1561 739 1597 789 ttt
1612 722 1677 807 fine
1697 716 1765 788 illir
1783 740 1963 793 concentu!

663 846 800 909 rtrum,
835 827 873 895 (ῥ’
900 819 972 888 ordo
1001 824 1098 885 omnis
1130 815 1275 884 turbetur
1297 838 1334 883 ac
1350 817 1520 905 solvatur:
1549 823 1692 883 maxime
1718 835 1826 881 tamen
1859 844 1962 886 reve·

662 915 784 1001 tende,
814 940 877 1007 que
900 914 944 981 atl
964 915 1141 1008 religionem
1165 913 1203 983 ό*
1221 912 1265 976 ad
1282 933 1356 975 aras
1368 910 1515 1002 spesiant.
1567 908 1660 978 Nam
1679 906 1732 976 hae
1750 928 1820 975 non
1844 911 1962 980 modo

665 1007 707 1078 nd
723 1031 836 1104 pacem
853 1003 1049 1101 reipublicae
1057 1000 1305 1089 faciuntea&
1315 1001 1392 1070 Deo
1400 1024 1461 1071 nos
1473 999 1621 1090 quodam
1636 999 1741 1070 modo
1753 1002 1962 1076 conciliant.

664 1098 771 1172 Unde
791 1100 852 1194 qui
872 1101 905 1169 in
929 1096 1029 1168 rebus
1048 1095 1172 1181 sactis,
1204 1091 1375 1188 apraescri
1403 1095 1446 1165 tis
1487 1117 1597 1165 atrum
1622 1094 1962 1185 consuetudinibus,

665 1212 745 1288 quae
766 1193 880 1292 legum
900 1192 1121 1264 &canonum
1144 1189 1220 1260 vice
1239 1189 1341 1276 sunt,
1368 1117 1579 1275 defodiunt,
1601 1187 1720 1257 tumidi
1739 1189 1899 1282 primum
1919 1191 1961 1264 δί’

666 1285 800 1358 rebellis
816 1286 919 1356 animi
941 1302 1163 1380 arguuntur,
1186 1282 1264 1353 dein
1283 1280 1411 1377 aliquid
1425 1289 1596 1351 autoritati
1618 1282 1837 1372 Ecclefiallicae
1864 1285 1964 1354 dero·

672 1380 759 1468 'tnt,
781 1380 822 1451 ad
840 1380 913 1450 baec
930 1373 1091 1448 seditiosa
1103 1375 1245 1447 novitati
1257 1375 1422 1460 serviunt,
1447 1375 1538 1446 unde
1551 1374 1663 1446 minus
1683 1378 1716 1444 in
1728 1375 1964 1451 admiratione

661 1400 756 1545 bera
770 1471 945 1572 mysteria,
966 1469 1199 1565 despicabilior
1219 1469 1299 1542 cleri
1312 1469 1474 1566 dignitas,
1493 1468 1721 1564 importunior
1734 1470 1835 1566 vulgi
1849 1470 1964 1544 licen·

668 1567 724 1639 tia.
775 1567 823 1638 Et
839 1565 921 1661 quid
941 1565 1053 1662 postea
1075 1563 1218 1635 tutum?
1245 1562 1329 1659 quid
1349 1584 1420 1634 nan
1447 1562 1597 1634 uilium?
1625 1562 1710 1658 quid
1729 1562 1963 1660 religiosum?

619 1734 622 1742 ,
668 1659 734 1732 Me
751 1660 855 1762 igitur
877 1657 1085 1753 suspicantur
1129 1659 1272 1731 uendant
1292 1655 1406 1754 legum
1476 1656 1758 1728 consuetudinum
1771 1674 1963 1731 temerato·

661 1776 759 1839 tem,
780 1753 1013 1825 acvsacrorum·
1025 1682 1331 1848 propbanatorem‚
1352 1753 1446 1846 quod
1461 1751 1542 1820 mihi
1560 1750 1784 1845 permiserim,
1807 1749 1842 1823 id
1856 1753 1964 1848 quod

668 1847 817 1919 dmultis
834 1845 963 1918 scentia
974 1847 1031 1917 sua
1046 1848 1222 1919 autoritate
1238 1844 1297 1916 ,vel
1315 1846 1495 1939 praelatus,
1522 1847 1575 1914 vel
1586 1845 1764 1941 episcopus
1783 1853 1966 1920 attentarit

668 1939 804 2012 nultus„
836 1945 1019 2036 ‚Apparere
1037 1965 1106 2011 rem
1125 1963 1297 2038 magnam,
1322 1938 1450 2033 alioqui
1461 1961 1529 2008 uon
1542 1943 1682 2024 tantam,
1705 1938 1840 2011 novitas
1865 1941 1963 2014 facit.

590 2081 592 2084 .
669 2033 777 2106 Unde
788 2033 853 2106 hoc
867 2034 1047 2107 humilitati
1059 2033 1151 2104 dabit
1163 2057 1285 2119 nemo,
1312 2032 1365 2102 sod
1376 2032 1572 2126 arrogantiae
1585 2057 1714 2104 omnes.
1764 2034 1889 2106 Nemo
1903 2061 1966 2132 pa·

670 2125 738 2212 cis,
761 2123 815 2200 sed
834 2151 951 2201 omnes
968 2125 1134 2198 seditionis
1154 2127 1267 2197 studio
1282 2123 1473 2210 ascribent,
1521 2127 1773 2222 nandoquidem
1787 2129 1823 2197 in
1835 2128 1892 2200 his
1904 2151 1965 2202 tu·

671 2219 859 2307 moltibus,
888 2220 972 2290 nihil
989 2240 1056 2309 tam
1074 2220 1321 2318 periculosum,
1335 2241 1438 2314 quam
1451 2151 1565 2292 militi
1586 2221 1763 2318 quippiam
1783 2225 1885 2316 quod
1905 2223 1964 2296 vel

670 2311 813 2409 speciem
832 2313 990 2387 novitatis
1006 2338 1077 2412 prae
1095 2313 1128 2387 se
1145 2313 1252 2404 serat,
1276 2312 1459 2410 presertim
1479 2339 1559 2388 cum
1579 2325 1729 2413 populus
1744 2337 1899 2388 nontam
1914 2319 1966 2389 sa·

671 2403 810 2496 lutetia,
826 2433 935 2505 vquarn
954 2410 1179 2484 dovaaudire
1191 2410 1325 2507 cupiat,
1348 2428 1556 2504 atquetotus
1568 2412 1706 2507 pruriat.
1756 2412 1881 2481 Nemo
1893 2412 1965 2486 hoc

672 2503 878 2598 prudentiae,
901 2505 954 2577 sed
967 2530 1082 2578 omnes
1097 2505 1263 2577 vecordiae
1275 2501 1447 2576 tribuent:
1472 2528 1574 2577 nemo
1586 2507 1690 2576 menti
1703 2503 1786 2601 piae,
1809 2506 1867 2576 sed
1883 2531 1966 2578 om·

673 2606 732 2679 net
750 2599 853 2670 menti
875 2600 1026 2705 maligno
1040 2600 1155 2698 spiritu
1166 2599 1317 2698 agitatae,
1342 2599 1378 2670 &
1391 2597 1424 2669 in
1438 2599 1567 2673 summa
1579 2622 1708 2688 ‚nemo
1719 2596 1882 2689 bonitati,
1907 2599 1964 2674 sed

673 2687 855 2855 desperatae
868 2695 1003 2766 malrnae
1012 2720 1129 2768 omnes
1142 2718 1220 2767 acce
1247 2716 1318 2766 tunt
1331 2692 1449 2765 ferent.
1504 2695 1543 2766 ln
1555 2693 1646 2766 hunc
1657 2693 1799 2762 modum
1813 2716 1876 2788 per
1886 2697 1964 2791 epi·

674 2783 728 2857 sto
742 2811 794 2857 am
812 2808 922 2875 tuam,
944 2813 1016 2862 non*
1029 2810 1084 2878 tu,
1106 2788 1159 2861 sed
1175 2716 1245 2883 iad
1263 2811 1316 2858 me
1327 2786 1459 2860 accuso.
1489 2789 1595 2860 ¹«Non
1607 2786 1726 2861 desunt
1738 2808 1869 2872 tamen,
1896 2792 1962 2884 qui

671 2877 801 2955 sudium
814 2881 881 2953 hoc
892 2881 1040 2956 similiter
1050 2885 1125 2957 istic
1135 2883 1514 2979 interpretantur,apud
1527 2905 1634 2980 quos,
1646 2902 1683 2953 ut
1698 2879 1836 2971 habeas,
1859 2885 1964 2979 quod

674 2997 739 3071 pto
757 2975 1027 3071 merespondere
1044 2975 1208 3075 poffis,.fi
1226 2973 1313 3049 sorte
1328 2978 1488 3065 audient,
1512 2980 1674 3074 patienter
1686 2975 1776 3074 lege,
1798 2999 1882 3071 qua
1897 3003 1966 3074 pro

670 3088 749 3156 ane,
770 3089 810 3139 ut
828 3093 918 3157 rous,
940 3070 1054 3143 asserat
1106 3073 1196 3143 Rem
1216 3095 1276 3167 per
1292 3071 1325 3144 se
1341 3071 1529 3159 honestam,
1552 3071 1775 3143 honestiorem
1795 3071 1914 3162 dices,
1937 3072 1963 3146 si

675 3159 804 3256 quibus
820 3163 946 3253 causis,
973 3163 1167 3262 ouibusque
1187 3167 1298 3239 modis
1312 3165 1387 3238 atta
1405 3165 1468 3257 stt,
1492 3164 1707 3266 cognoveris.
1761 3161 1856 3251 Quae
1874 3192 1964 3245 mox

668 3255 936 3350 subjunxissem,
958 3243 1047 3332 nitu
1066 3284 1348 3334 commemorares
1357 3260 1555 3335 consensum
1569 3283 1721 3359 patrum,
1741 3259 1966 3335 consuetudi·

674 3369 753 3419 nem
775 3353 1058 3444 ceremoniarum,
1080 3358 1265 3430 &decreta
1287 3357 1473 3454 majorum:
1497 3380 1576 3452 quae
1596 3377 1706 3428 tamen
1728 3355 1811 3427 nibil
1827 3378 1885 3427 me
1903 3382 1967 3429 ur·

673 3461 778 3540 gent,
805 3445 875 3518 nin,
893 3451 987 3543 quod
1015 3450 1139 3524 alicubi
1167 3470 1315 3537 cavent,
1345 3471 1384 3522 ut
1405 3450 1695 3546 metropolitanae,
1716 3448 1967 3525 cathedralisve

674 3535 823 3634 ecclesiae
840 3539 943 3633 titus,
966 3546 1113 3618 ecciesrae
1130 3544 1302 3617 inferiores
1321 3543 1507 3618 imitentur.
1556 3542 1726 3633 Quamvis
1737 3564 1851 3614 autem
1867 3544 1966 3620 haud

553 3725 556 3730 .
669 3655 790 3742 pperae
802 3639 953 3729 precium
965 3638 1329 3731 crediderim,tecum,
1343 3659 1462 3734 utpote
1473 3638 1609 3710 homine
1619 3635 1899 3736 theologo‚&in
1912 3640 1968 3714 his

672 3746 743 3893 pin
761 3731 959 3819 exercitato,
986 3730 1134 3801 multisa
1160 3755 1240 3823 ete,
1260 3733 1428 3832 agendum
1447 3751 1556 3802 tamen
1575 3729 1787 3827 aliqualiter,
1813 3730 1966 3807 fortaffis

703 3821 1137 3920 incpotiffirnumjullifica
1187 3850 1213 3898 r.
1257 3829 1364 3927 igitur
1376 3824 1508 3923 legibus
1520 3822 1684 3899 honorein
1697 3826 1796 3898 suum
1809 3825 1971 3919 salvum,

675 3937 780 4011 atque
796 3918 1024 3991 inviolabilem
1045 3918 1109 3993 esse
1131 3923 1363 4009 autoritatem,
1387 3920 1506 4014 optavi
1526 3920 1665 4016 quidem
1684 3923 1834 4015 semper,
1856 3943 1970 4017 atque

677 4031 770 4086 nunc
788 4012 1018 4108 maximopere
1029 4015 1161 4110 ,veltmt
1175 4016 1231 4087 sed
1242 4019 1390 4114 cogitare
1401 4034 1553 4112 oportet,
1578 4037 1659 4112 quae
1671 4017 1785 4115 legum
1797 4015 1973 4182 {guium

668 4148 682 4170 ι,
705 4148 717 4158 ·-
1851 4131 1970 4207 quan·
